1988 3480
319 110 396 159 cur.
414 85 555 170 vui-x,
573 107 588 168 1
604 111 691 161 re-aa.
899 114 928 163 sr

91 217 183 268 totam
207 211 280 268 hanc
304 210 493 287 legationem:
521 209 757 269 adsiduitatis'et
780 231 928 289 operarum

91 291 192 348 harum
211 289 419 348 cotidianarum
435 297 519 368 putat
535 310 595 348 esse
612 291 798 354 consulatum.
841 293 928 370 Apud

91 371 245 428 exercitum
263 370 335 427 mihi
351 370 447 441 fueris,
463 371 566 448 inquit,
581 377 627 427 tot
643 390 741 442 annos,
756 371 853 429 forum
872 393 929 430 non

90 451 235 526 attigeris:
257 451 362 507 afueris
383 457 442 507 tam
462 451 520 521 diu,
536 458 572 520 et,
589 470 654 507 cum
674 451 761 527 longo
782 453 928 510 intervallo

87 530 207 600 veneris,
220 549 285 586 cum
303 530 345 599 iis,
359 530 408 606 qui
422 531 451 586 in
468 530 533 586 foro
551 530 724 601 habitarunt,
738 531 774 589 de
790 532 929 609 dignitate

90 610 263 667 contendas?
304 609 434 666 Primum
458 610 513 667 ista
537 617 635 666 nostra
658 611 822 682 adsiduitas,
840 612 928 682 Servi,

91 690 181 748 nescis
195 697 334 767 quantum
348 690 492 746 interdum
506 689 618 747 adferat
632 690 797 748 hominibus
810 692 927 760 fastidii,

91 776 230 846 quantum
252 769 408 827 satietatis?
449 769 522 826 Mihi
544 770 660 847 quidem
682 771 864 829 vehementer
885 791 928 828 ex-

89 848 181 926 pediit
199 850 322 926 positam
343 849 373 905 in
395 850 485 906 oeulis
506 870 566 908 esse
587 852 716 928 gratiam.
760 851 817 908 Sed
833 858 929 909 tamen

90 948 144 1005 ego
157 929 215 986 mei
229 929 388 986 satietatem
403 948 509 1008 magno
524 950 589 988 meo
604 931 700 988 labore
714 931 843 1008 superavi
858 939 886 989 01
897 939 930 989 tu

90 1009 159 1066 item
173 1009 309 1066 fortasse:
330 1029 428 1067 verum
442 1017 538 1069 tamen
553 1007 667 1089 utrique
681 1019 810 1068 nostrum
822 1011 930 1068 deside-

89 1088 162 1145 rium
187 1089 258 1145 nihil
283 1089 430 1148 obfuisset.
474 1098 520 1149 22.
544 1090 601 1149 Sed
625 1099 658 1149 ut
681 1091 738 1148 hoc
762 1092 868 1148 omisso
893 1091 929 1147 ad

89 1168 248 1226 studiorum
273 1178 357 1246 atque
380 1172 485 1228 artium
510 1173 723 1229 contentionem
746 1178 927 1240 revertamur,

90 1249 138 1325 qui
149 1256 244 1325 potest
255 1250 380 1308 dubitari
392 1252 460 1327 quin
472 1251 508 1308 ad
519 1252 698 1308 consulatum
713 1249 928 1327 adipiscendum

88 1329 179 1385 multo
194 1329 258 1405 plus
272 1331 384 1387 adferat
398 1332 547 1407 dignitatis
561 1331 601 1388 rei
615 1330 747 1386 militaris
761 1348 846 1406 quam
861 1329 929 1385 iuris

89 1408 180 1465 civilis
194 1409 303 1484 gloriat
344 1410 456 1486 Vigiles
469 1417 502 1466 tu
517 1410 552 1467 de
566 1417 651 1466 noete
667 1416 700 1466 ut
714 1410 772 1466 tuis
789 1409 930 1465 consulto-

89 1488 167 1544 ribus
189 1488 376 1565 respondeas:
402 1488 448 1546 ille
470 1497 503 1546 ut
525 1508 568 1559 eo,
586 1508 643 1564 quo
667 1489 799 1557 intendit,
819 1495 929 1545 mature

90 1587 155 1623 cum
170 1568 295 1624 exercitu
309 1569 463 1644 perveniat.
505 1568 546 1625 Te
560 1568 709 1644 gallorum,
721 1567 802 1623 illum
816 1567 930 1624 bucina·
973 1641 976 1645 .

89 1666 153 1704 rum
176 1654 276 1703 cantus
298 1647 458 1704 exsuscitat.
501 1647 545 1704 Tu
567 1648 710 1704 actionem
731 1647 864 1716 instituis,
882 1647 930 1704 ille

90 1728 180 1784 aciem
197 1727 320 1784 instruit.
363 1727 408 1784 Tu
425 1746 506 1784 caves
522 1747 558 1784 ne
575 1727 618 1783 tui
635 1726 818 1796 consultores,
830 1727 878 1783 ille
894 1746 930 1784 ne

89 1806 173 1864 urbes
187 1814 237 1864 aut
247 1813 338 1864 castra
352 1807 506 1883 capiantur.
542 1806 594 1864 Ille
604 1813 683 1874 tenet
694 1813 723 1864 et
734 1806 787 1864 scit
800 1813 833 1864 ut
843 1807 931 1863 hosti-

89 1906 138 1943 um
156 1887 263 1964 copiae,
279 1893 312 1943 tu
329 1893 361 1943 ut
377 1905 467 1963 aquae
483 1886 596 1963 pluviae
617 1893 771 1944 arceantur.
814 1886 866 1943 Ille
885 1906 930 1943 ex-

89 1967 223 2025 ercitatus
242 1974 285 2024 est
302 1967 331 2023 in
348 1966 541 2043 propagandis
559 1965 673 2038 finibus,
688 1973 721 2024 tu
740 1966 769 2024 in
788 1966 928 2043 regendis,

88 2067 120 2104 ac
141 2045 473 2104 nimirum-dicendum
494 2053 537 2103 est
558 2047 634 2103 enim
657 2046 736 2123 quod
756 2047 929 2104 sentio—rei

88 2127 219 2184 militaris
235 2127 325 2183 virtus
345 2133 468 2202 praestat
487 2127 587 2183 ceteris
606 2126 746 2184 omnibus.
789 2126 827 2182 X.
850 2125 929 2183 Haec

88 2226 193 2263 nomen
204 2206 312 2283 populo
324 2205 464 2276 Romano,
475 2206 544 2263 haec
557 2206 625 2263 huic
639 2206 706 2264 urbi
718 2213 861 2263 aeternam
871 2205 930 2282 glo-

88 2287 160 2344 riam
174 2287 285 2362 peperit
295 2292 306 2342 :'
323 2286 393 2343 haec
410 2285 509 2343 orbem
526 2293 665 2343 terrarum
682 2305 779 2362 parere
795 2285 862 2342 huic
879 2286 931 2349 im-

88 2367 167 2442 perio
185 2366 298 2442 coegit:
321 2385 420 2422 omnes
437 2366 560 2423 urbanae
574 2385 627 2436 res,
640 2366 737 2421 omnia
750 2365 819 2422 haec
833 2372 931 2421 nostra

89 2445 230 2522 praeclara
254 2445 349 2502 studia
370 2452 399 2503 et
420 2445 490 2503 haee
512 2445 635 2502 forensis
657 2445 718 2501 laus
741 2452 769 2501 01
791 2444 931 2500 industria

88 2525 178 2582 latent
192 2525 221 2581 in
236 2525 326 2583 tutela
342 2544 374 2582 ao
388 2525 529 2602 praesidio
545 2524 661 2581 bellicae
672 2524 796 2580 uirtutis
839 2523 929 2580 Simul

88 2610 173 2680 atque
188 2605 329 2681 increpuit
345 2606 466 2682 suspitio
483 2603 632 2672 tumultus,
645 2609 719 2659 artes
735 2603 801 2659 ilico
817 2609 931 2659 nostrae

88 2685 289 2742 conticescunt.

130 2769 176 2821 23.
199 2763 236 2820 Et
251 2764 386 2840 quoniam
400 2763 472 2820 mihi
483 2763 587 2820 videris
601 2763 686 2819 istam
701 2762 847 2819 scientiam
862 2762 931 2818 iuris

90 2849 235 2918 tamquam
258 2843 520 2900 filiolamosculari
542 2850 631 2912 tuam,
651 2861 710 2898 non
732 2842 824 2917 patiar
848 2848 876 2898 tc
901 2841 930 2898 in

89 2928 171 2979 tanto
189 2934 280 2980 errore
294 2923 405 2994 versari,
417 2929 450 2979 ut
464 2922 542 2979 istud
556 2922 651 2979 nescio
667 2920 744 2997 quid,
758 2921 836 2998 quod
850 2927 931 2977 tanto

91 3021 175 3078 opere
203 3002 337 3072 didicisti,
359 3002 534 3079 praeclarum
563 3001 672 3079 aliquid
700 3020 760 3058 esse
788 3000 929 3058 arbitrere.

90 3081 165 3138 Aliis
182 3101 234 3158 ego
252 3089 280 3139 te
297 3082 458 3152 virtutibus,
471 3081 673 3151 continentiae,
686 3081 841 3158 gravitatis,
852 3081 935 3137 iusti-¹

90 3162 154 3231 tiae,
167 3160 241 3232 fidei,
254 3162 354 3218 ceteris
369 3161 502 3218 omnibus
519 3161 675 3218 consulatu
689 3169 722 3216 et
734 3160 953 3215 <inidipsum

641 3266 657 3295 0
