1988 3480
277 205 282 214 1
309 132 387 182 one.
406 133 535 193 x.-x11.,
552 130 567 190 s
582 133 672 182 29-34.
865 134 914 182 ara

75 234 123 292 ille
136 233 253 291 inimico
268 253 380 291 servum
394 231 511 304 remisit,
520 239 554 290 tu
567 231 603 290 ab
617 228 671 290 avo
684 229 846 290 abduxisti:
866 231 914 291 ille

75 314 272 389 incorruptum
293 312 391 370 audire
412 312 513 383 noluit,
528 319 562 369 tu
578 311 746 388 corrupisti:
768 311 815 369 ille
836 311 915 369 adiu·

75 400 168 451 torem
185 412 297 450 servum
315 399 414 449 contra
430 392 580 449 dominum
597 391 767 468 repudiavit,
779 398 812 449 tu
827 392 914 450 etiam

75 480 268 530 accusatorem
289 471 453 529 adhibuisti.
496 472 543 528 32.
561 471 604 528 At
620 471 707 528 semel
724 471 778 528 iste
795 478 838 530 est
855 491 915 530 cor·
946 483 948 486 ’

75 560 176 629 ruptus
189 572 206 609 a
219 552 308 608 vobis.
345 551 457 621 Nonne,
470 569 536 607 cum
551 557 624 608 esset
634 550 791 628 productus
805 558 834 608 et
847 571 911 609 curn

75 639 170 689 tecum
181 632 291 702 fuisset,
302 631 410 708 refugit
420 630 457 688 ad
467 631 595 707 legatos?
615 649 710 687 nonne
724 630 848 688 adhunc
860 630 913 691 On.

74 711 239 768 Domitium
254 711 350 769 venitl
370 729 466 768 nonne
483 710 616 768 audiente
632 709 688 766 hoc
703 709 761 767 Ser.
776 709 913 787 Sulpicio,

54 818 57 824 ·
75 790 230 848 clarissimo
245 791 314 861 viro,
327 791 377 868 qui
393 798 456 848 tum
474 809 540 847 casu
560 789 638 867 apud
654 789 817 847 Domitium
835 809 916 848 cena·

75 870 132 941 bat,
145 878 174 928 et
192 870 247 928 hoc
264 870 296 928 T.
307 870 462 948 Torquato,
475 869 586 947 optimo
603 869 790 941 adolescente,
801 889 830 928 se
850 889 867 927 a
884 876 914 928 te

75 958 249 1028 corruptum,
262 951 319 1008 tuis
332 950 480 1027 promissis
494 950 524 1006 in
538 948 670 1007 fraudem
684 950 840 1027 impulsum
854 969 914 1008 esse

75 1030 222 1087 confessus
238 1032 309 1088 'estl
350 1029 418 1088 XII.
437 1028 517 1098 Quae
538 1036 581 1087 est
603 1029 658 1086 ista
678 1036 738 1086 tam
759 1030 913 1108 impotens,

75 1117 134 1167 tam
151 1111 280 1183 crudelia,
292 1118 352 1168 tam
368 1109 558 1167 immoderata
575 1109 787 1167 inhumanitasl
828 1109 915 1168 Idcir-

75 1209 108 1247 co
125 1190 155 1246 in
171 1190 245 1248 hanc
263 1191 362 1248 urbem
380 1190 491 1260 venisti,
504 1195 537 1247 ut
553 1189 639 1246 huius
655 1189 733 1246 urbis
748 1190 810 1246 iura
826 1196 855 1247 et
869 1209 915 1246 ex-

75 1269 169 1346 empla
179 1289 374 1347 corrumperes
384 1269 597 1344 domesticaque
609 1269 788 1326 immanitate
802 1275 915 1327 nostrae

75 1350 197 1407 civitatis
210 1349 420 1407 humanitatem
434 1348 615 1424 inquinaresl

116 1435 162 1486 33.
178 1428 221 1485 At
238 1448 324 1505 quam
340 1434 422 1486 acute
439 1427 709 1506 collectaucriminal
744 1426 913 1500 Blesamius,

75 1508 272 1584 inquit-eius
293 1508 371 1564 enim
391 1507 516 1577 nomine,
532 1507 636 1583 optimi
657 1507 710 1564 viri
731 1526 783 1565 nec
804 1508 858 1565 tibi
873 1509 916 1586 ig-

76 1588 145 1657 noti,
156 1587 230 1646 male
244 1586 358 1645 dicebat
371 1586 503 1644 tibi-ad
518 1605 613 1662 regem
628 1587 749 1645 scribere
763 1588 873 1646 solebat
885 1597 914 1648 tc

76 1668 105 1724 in
123 1667 231 1724 invidia
247 1687 315 1738 esse,
327 1674 481 1744 tyrannum
499 1667 662 1739 existimari,
675 1674 769 1725 statua
785 1668 860 1726 inter
875 1688 916 1727 re·
983 1682 984 1686 ’

75 1767 126 1824 ges
150 1748 245 1825 posita
269 1747 380 1804 animos
403 1746 554 1804 hominum
576 1747 759 1806 vehementer
780 1749 913 1821 offensos,

76 1827 174 1905 plaudi
190 1828 245 1886 tibi
260 1847 319 1885 non
339 1827 436 1886 solere.
479 1827 583 1885 Nonne
600 1827 744 1906 intelligis,
757 1827 868 1901 Caesar,
880 1849 915 1888 ex

76 1908 191 1966 urbanis
207 1908 411 1966 malevolorum
429 1907 615 1966 sermunculis
630 1907 701 1966 haec
721 1909 757 1967 ab
774 1910 837 1967 istis
854 1929 915 1968 esse

75 1988 211 2048 colleetal
244 1989 405 2047 Blesamius
422 1995 577 2066 tyrannum
595 1987 745 2046 Gaesarem
762 1989 915 2050 scriberet?

76 2069 238 2128 Multorum
250 2070 327 2128 enirn
344 2070 440 2148 capita
456 2069 562 2127 civium
576 2068 693 2141 viderat,
711 2069 817 2128 multos
836 2071 915 2129 iussu

76 2148 203 2208 Caesaris
219 2158 344 2222 vexatos,
354 2150 523 2220 verberatos,
536 2157 659 2221 necatos,
667 2150 772 2207 multas
787 2150 915 2209 adflictae

76 2237 105 2287 01
119 2250 227 2289 eversas
244 2230 355 2299 domos,
368 2230 483 2287 armatis
500 2229 640 2286 militibus
656 2230 794 2288 refertum
808 2230 913 2289 forum.

77 2309 155 2378 Quae
170 2329 282 2386 semper
294 2310 325 2366 in
340 2309 416 2366 civili
430 2309 549 2366 victoria
562 2309 709 2380 sensimus,
722 2329 755 2367 ea
768 2317 797 2367 te
808 2310 915 2368 victore

76 2407 135 2445 non
149 2389 281 2446 vidimus.
315 2393 360 2445 34.
374 2387 465 2459 Solus,
478 2388 603 2464 inquam,
617 2407 654 2458 es,
667 2386 699 2446 Ο.
712 2388 823 2460 Caesar,
835 2390 915 2446 cuius

77 2468 106 2524 iu
124 2468 243 2526 victoria
262 2468 397 2526 ceciderit
416 2487 502 2525 nemo
523 2469 578 2524 nisi
599 2474 732 2526 armatus.
775 2468 813 2526 Et
830 2488 915 2545 quem

77 2567 129 2609 nos
149 2547 237 2618 liberi,
249 2548 279 2604 in
301 2568 412 2605 summa
432 2547 533 2626 populi
554 2547 677 2604 Romani
696 2547 826 2605 libertate
845 2549 914 2619 nati,

77 2646 135 2683 non
150 2627 237 2685 modo
252 2646 310 2684 non
321 2634 484 2704 tyrannum,
497 2627 547 2683 sed
561 2627 647 2684 etiam
663 2627 915 2684 clementissimum

77 2707 108 2762 in
125 2707 242 2764 victoria
262 2707 364 2765 ducem
381 2707 513 2776 vidimus
525 2707 549 2762 is
568 2706 721 2777 Blesamio,
733 2708 782 2784 qui
798 2707 869 2764 vivit
885 2707 915 2763 in

78 2806 174 2862 regno,
186 2796 324 2863 tyrannus
338 2787 428 2844 videri
445 2787 559 2862 potestl
600 2786 675 2843 Nam
693 2787 728 2844 de
745 2793 839 2844 statua
853 2786 916 2863 quis

79 2866 212 2941 queritur,
231 2886 288 2943 una
308 2866 482 2942 praesertim,
501 2885 567 2922 cum
591 2873 651 2922 tam
676 2867 779 2923 multas
804 2867 916 2924 videatl

78 2945 171 3002 V‘alde
192 2946 268 3003 enim
286 2945 471 3002 invidendum
493 2952 537 3002 est
555 2946 615 3003 eius
637 2946 744 3016 statuis,
760 2947 840 3002 cuius
860 2954 917 3004 tro·

79 3025 156 3102 pacis
170 3043 228 3081 non
243 3025 410 3082 invidemus.
447 3025 522 3082 Nam
538 3026 561 3081 si
572 3025 650 3083 locus
665 3026 758 3082 adfert
768 3026 915 3096 invidiam,

79 3104 173 3162 nullus
187 3104 265 3162 locus
287 3112 329 3162 est
348 3105 384 3162 ad
406 3112 528 3162 statuam
551 3105 670 3181 quidem
687 3107 796 3161 iustius
814 3105 936 3184 ebremou,

76 3184 123 3242 De
133 3185 236 3262 plausu
255 3193 352 3244 autem
368 3185 441 3266 quid
454 3185 676 3266 respondeaml
698 3183 827 3257 sudines
839 3170 960 3228 messos·
