<?xml version="1.0" encoding="UTF-8"?>
<!DOCTYPE html PUBLIC "-//W3C//DTD XHTML 1.0 Transitional//EN"
    "http://www.w3.org/TR/xhtml1/DTD/xhtml1-transitional.dtd">
<html xmlns="http://www.w3.org/1999/xhtml" xml:lang="en" lang="en">
 <head>
  <title>
</title>
<meta http-equiv="Content-Type" content="text/html;charset=utf-8" />
  <meta name='ocr-system' content='tesseract 3.04.00' />
  <meta name='ocr-capabilities' content='ocr_page ocr_carea ocr_par ocr_line ocrx_word'/>
</head>
<body>
  <div class='ocr_page' id='page_1' title='image "./mtulliiciceroni32cicegoog_0029.png"; bbox 0 0 1988 3480; ppageno 0'>
   <div class='ocr_carea' id='block_1_1' title="bbox 91 115 818 166">
    <p class='ocr_par' dir='ltr' id='par_1_1' title="bbox 91 115 818 166">
     <span class='ocr_line' id='line_1_1' title="bbox 91 115 818 166; baseline 0.001 -1"><span class='ocrx_word' id='word_1_1' title='bbox 91 118 122 165; x_wconf 81' lang='lat'>14</span> <span class='ocrx_word' id='word_1_2' title='bbox 199 116 248 164; x_wconf 83' lang='lat' dir='ltr'>DE</span> <span class='ocrx_word' id='word_1_3' title='bbox 266 115 418 166; x_wconf 85' lang='lat' dir='ltr'><strong>IMPERIO</strong></span> <span class='ocrx_word' id='word_1_4' title='bbox 435 117 489 166; x_wconf 88' lang='lat' dir='ltr'>CN.</span> <span class='ocrx_word' id='word_1_5' title='bbox 506 115 658 165; x_wconf 83' lang='lat' dir='ltr'>POMPEII</span> <span class='ocrx_word' id='word_1_6' title='bbox 676 116 818 166; x_wconf 80' lang='lat' dir='ltr'><strong>ORATIO.</strong></span> 
     </span>
    </p>
   </div>
   <div class='ocr_carea' id='block_1_2' title="bbox 74 216 955 3250">
    <p class='ocr_par' dir='ltr' id='par_1_2' title="bbox 89 216 928 533">
     <span class='ocr_line' id='line_1_2' title="bbox 90 216 928 296; baseline 0.004 -22"><span class='ocrx_word' id='word_1_7' title='bbox 90 226 149 274; x_wconf 87' lang='lat' dir='ltr'>tam</span> <span class='ocrx_word' id='word_1_8' title='bbox 171 217 347 287; x_wconf 88' lang='lat' dir='ltr'>diuturnum,</span> <span class='ocrx_word' id='word_1_9' title='bbox 367 224 424 273; x_wconf 88' lang='lat' dir='ltr'>tam</span> <span class='ocrx_word' id='word_1_10' title='bbox 446 216 531 291; x_wconf 81' lang='lat' dir='ltr'>longe</span> <span class='ocrx_word' id='word_1_11' title='bbox 552 216 664 293; x_wconf 90' lang='lat' dir='ltr'>lateque</span> <span class='ocrx_word' id='word_1_12' title='bbox 686 217 928 296; x_wconf 74' lang='lat' dir='ltr'>dispersumque</span> 
     </span>
     <span class='ocr_line' id='line_1_3' title="bbox 90 297 927 373; baseline 0.004 -19"><span class='ocrx_word' id='word_1_13' title='bbox 90 297 165 354; x_wconf 89' lang='lat' dir='ltr'>bello</span> <span class='ocrx_word' id='word_1_14' title='bbox 190 315 290 356; x_wconf 91' lang='lat' dir='ltr'>omnes</span> <span class='ocrx_word' id='word_1_15' title='bbox 313 304 413 372; x_wconf 84' lang='lat' dir='ltr'>gentes</span> <span class='ocrx_word' id='word_1_16' title='bbox 436 316 469 353; x_wconf 93' lang='lat' dir='ltr'>ac</span> <span class='ocrx_word' id='word_1_17' title='bbox 493 297 623 353; x_wconf 87' lang='lat' dir='ltr'>nationes</span> <span class='ocrx_word' id='word_1_18' title='bbox 646 297 856 373; x_wconf 82' lang='lat' dir='ltr'>prerrrebantur,</span> <span class='ocrx_word' id='word_1_19' title='bbox 875 302 927 358; x_wconf 71' lang='lat' dir='ltr'>en.</span> 
     </span>
     <span class='ocr_line' id='line_1_4' title="bbox 90 375 928 454; baseline 0.004 -20"><span class='ocrx_word' id='word_1_20' title='bbox 90 376 247 454; x_wconf 88' lang='lat' dir='ltr'>Pompeius</span> <span class='ocrx_word' id='word_1_21' title='bbox 261 383 387 434; x_wconf 84' lang='lat' dir='ltr'>extrema</span> <span class='ocrx_word' id='word_1_22' title='bbox 397 375 491 434; x_wconf 89' lang='lat' dir='ltr'>hieme</span> <span class='ocrx_word' id='word_1_23' title='bbox 501 377 657 453; x_wconf 82' lang='lat' dir='ltr'>apparavit,</span> <span class='ocrx_word' id='word_1_24' title='bbox 668 377 784 434; x_wconf 86' lang='lat' dir='ltr'>ineunte</span> <span class='ocrx_word' id='word_1_25' title='bbox 796 398 859 435; x_wconf 90' lang='lat' dir='ltr'>vere</span> <span class='ocrx_word' id='word_1_26' title='bbox 872 400 928 437; x_wconf 89' lang='lat' dir='ltr'>sus·</span> 
     </span>
     <span class='ocr_line' id='line_1_5' title="bbox 89 456 546 533; baseline 0.002 -20"><span class='ocrx_word' id='word_1_27' title='bbox 89 457 173 533; x_wconf 88' lang='lat' dir='ltr'>cepit,</span> <span class='ocrx_word' id='word_1_28' title='bbox 185 456 281 513; x_wconf 87' lang='lat' dir='ltr'>media</span> <span class='ocrx_word' id='word_1_29' title='bbox 294 463 400 513; x_wconf 88' lang='lat' dir='ltr'>aestate</span> <span class='ocrx_word' id='word_1_30' title='bbox 413 456 546 514; x_wconf 78' lang='lat' dir='ltr'><strong>confecit.</strong></span> 
     </span>
    </p>

    <p class='ocr_par' dir='ltr' id='par_1_3' title="bbox 74 535 955 3250">
     <span class='ocr_line' id='line_1_6' title="bbox 128 535 955 613; baseline 0.006 -22"><span class='ocrx_word' id='word_1_31' title='bbox 128 535 212 593; x_wconf 91' lang='lat' dir='ltr'>XIII.</span> <span class='ocrx_word' id='word_1_32' title='bbox 250 541 296 593; x_wconf 87' lang='grc'>36.</span> <span class='ocrx_word' id='word_1_33' title='bbox 312 535 364 593; x_wconf 82' lang='lat' dir='ltr'>Est</span> <span class='ocrx_word' id='word_1_34' title='bbox 380 535 450 593; x_wconf 89' lang='lat' dir='ltr'>haec</span> <span class='ocrx_word' id='word_1_35' title='bbox 468 536 565 593; x_wconf 89' lang='lat' dir='ltr'>divina</span> <span class='ocrx_word' id='word_1_36' title='bbox 580 543 666 613; x_wconf 89' lang='lat' dir='ltr'>atquc</span> <span class='ocrx_word' id='word_1_37' title='bbox 683 536 858 594; x_wconf 89' lang='lat' dir='ltr'>incredibilis</span> <span class='ocrx_word' id='word_1_38' title='bbox 875 540 927 596; x_wconf 89' lang='lat' dir='ltr'>vir·</span> <span class='ocrx_word' id='word_1_39' title='bbox 953 607 955 610; x_wconf 22' lang='grc' dir='ltr'>Ι</span> 
     </span>
     <span class='ocr_line' id='line_1_7' title="bbox 88 615 926 692; baseline 0.001 -18"><span class='ocrx_word' id='word_1_40' title='bbox 88 623 135 674; x_wconf 87' lang='lat' dir='ltr'>tus</span> <span class='ocrx_word' id='word_1_41' title='bbox 146 615 332 692; x_wconf 88' lang='lat' dir='ltr'>imperatoris.</span> <span class='ocrx_word' id='word_1_42' title='bbox 368 615 445 684; x_wconf 81' lang='lat' dir='ltr'>Quid</span> <span class='ocrx_word' id='word_1_43' title='bbox 455 623 574 688; x_wconf 87' lang='lat' dir='ltr'>ceterae,</span> <span class='ocrx_word' id='word_1_44' title='bbox 584 635 654 692; x_wconf 88' lang='lat' dir='ltr'>quas</span> <span class='ocrx_word' id='word_1_45' title='bbox 666 616 762 692; x_wconf 87' lang='lat' dir='ltr'>paullo</span> <span class='ocrx_word' id='word_1_46' title='bbox 776 624 842 674; x_wconf 87' lang='lat' dir='ltr'>ante</span> <span class='ocrx_word' id='word_1_47' title='bbox 853 638 926 675; x_wconf 91' lang='lat' dir='ltr'>com·</span> 
     </span>
     <span class='ocr_line' id='line_1_8' title="bbox 88 698 928 773; baseline 0.005 -21"><span class='ocrx_word' id='word_1_48' title='bbox 88 714 245 753; x_wconf 88' lang='lat' dir='ltr'>memorare</span> <span class='ocrx_word' id='word_1_49' title='bbox 272 715 429 772; x_wconf 81' lang='lat' dir='ltr'>coeperam,</span> <span class='ocrx_word' id='word_1_50' title='bbox 450 703 572 773; x_wconf 87' lang='lat' dir='ltr'>quantae</span> <span class='ocrx_word' id='word_1_51' title='bbox 600 703 686 773; x_wconf 88' lang='lat' dir='ltr'>atque</span> <span class='ocrx_word' id='word_1_52' title='bbox 711 716 796 772; x_wconf 89' lang='lat' dir='ltr'>quam</span> <span class='ocrx_word' id='word_1_53' title='bbox 820 698 928 756; x_wconf 85' lang='lat' dir='ltr'>multae</span> 
     </span>
     <span class='ocr_line' id='line_1_9' title="bbox 88 775 927 835; baseline 0.005 -4"><span class='ocrx_word' id='word_1_54' title='bbox 88 777 173 833; x_wconf 81' lang='lat' dir='ltr'>suntI</span> <span class='ocrx_word' id='word_1_55' title='bbox 213 775 280 833; x_wconf 90' lang='lat' dir='ltr'>Non</span> <span class='ocrx_word' id='word_1_56' title='bbox 301 776 378 833; x_wconf 86' lang='lat' dir='ltr'>enim</span> <span class='ocrx_word' id='word_1_57' title='bbox 401 775 524 834; x_wconf 86' lang='lat' dir='ltr'>bellandi</span> <span class='ocrx_word' id='word_1_58' title='bbox 545 776 635 833; x_wconf 84' lang='lat' dir='ltr'>virtus</span> <span class='ocrx_word' id='word_1_59' title='bbox 656 775 748 833; x_wconf 91' lang='lat' dir='ltr'>solum</span> <span class='ocrx_word' id='word_1_60' title='bbox 765 777 795 832; x_wconf 91' lang='lat' dir='ltr'>in</span> <span class='ocrx_word' id='word_1_61' title='bbox 813 797 927 835; x_wconf 90' lang='lat' dir='ltr'>summo</span> 
     </span>
     <span class='ocr_line' id='line_1_10' title="bbox 88 855 927 933; baseline 0.005 -22"><span class='ocrx_word' id='word_1_62' title='bbox 88 874 120 912; x_wconf 89' lang='lat' dir='ltr'>ac</span> <span class='ocrx_word' id='word_1_63' title='bbox 130 855 260 931; x_wconf 87' lang='lat' dir='ltr'>perfecto</span> <span class='ocrx_word' id='word_1_64' title='bbox 268 855 439 931; x_wconf 84' lang='lat' dir='ltr'>imperatore</span> <span class='ocrx_word' id='word_1_65' title='bbox 451 856 612 933; x_wconf 84' lang='lat' dir='ltr'>quaerenda</span> <span class='ocrx_word' id='word_1_66' title='bbox 622 862 674 926; x_wconf 89' lang='lat' dir='ltr'>est,</span> <span class='ocrx_word' id='word_1_67' title='bbox 683 856 733 912; x_wconf 93' lang='lat' dir='ltr'>sed</span> <span class='ocrx_word' id='word_1_68' title='bbox 743 857 849 913; x_wconf 88' lang='lat' dir='ltr'>multae</span> <span class='ocrx_word' id='word_1_69' title='bbox 861 866 927 915; x_wconf 90' lang='lat' dir='ltr'>sunt</span> 
     </span>
     <span class='ocr_line' id='line_1_11' title="bbox 87 934 926 1013; baseline 0.004 -21"><span class='ocrx_word' id='word_1_70' title='bbox 87 941 163 992; x_wconf 86' lang='lat' dir='ltr'>artes</span> <span class='ocrx_word' id='word_1_71' title='bbox 178 935 298 992; x_wconf 82' lang='lat' dir='ltr'>eximiae</span> <span class='ocrx_word' id='word_1_72' title='bbox 312 934 397 993; x_wconf 89' lang='lat' dir='ltr'>huius</span> <span class='ocrx_word' id='word_1_73' title='bbox 408 936 598 1006; x_wconf 74' lang='lat' dir='ltr'>administrae</span> <span class='ocrx_word' id='word_1_74' title='bbox 614 936 789 1013; x_wconf 86' lang='lat' dir='ltr'>comitesque</span> <span class='ocrx_word' id='word_1_75' title='bbox 803 937 926 996; x_wconf 74' lang='lat' dir='ltr'>virtutis</span> 
     </span>
     <span class='ocr_line' id='line_1_12' title="bbox 87 1014 927 1094; baseline 0.005 -24"><span class='ocrx_word' id='word_1_76' title='bbox 87 1014 131 1071; x_wconf 91' lang='lat' dir='ltr'>Ae</span> <span class='ocrx_word' id='word_1_77' title='bbox 142 1015 268 1091; x_wconf 88' lang='lat' dir='ltr'>primurn</span> <span class='ocrx_word' id='word_1_78' title='bbox 283 1022 390 1092; x_wconf 89' lang='lat' dir='ltr'>quanta</span> <span class='ocrx_word' id='word_1_79' title='bbox 403 1016 568 1073; x_wconf 91' lang='lat' dir='ltr'>innocentia</span> <span class='ocrx_word' id='word_1_80' title='bbox 581 1015 687 1073; x_wconf 88' lang='lat' dir='ltr'>debent</span> <span class='ocrx_word' id='word_1_81' title='bbox 701 1035 761 1072; x_wconf 86' lang='lat' dir='ltr'>esse</span> <span class='ocrx_word' id='word_1_82' title='bbox 775 1017 927 1094; x_wconf 81' lang='lat' dir='ltr'>imperato</span> 
     </span>
     <span class='ocr_line' id='line_1_13' title="bbox 87 1095 925 1173; baseline 0.005 -23"><span class='ocrx_word' id='word_1_83' title='bbox 87 1096 148 1151; x_wconf 71' lang='lat' dir='ltr'>resi</span> <span class='ocrx_word' id='word_1_84' title='bbox 170 1101 276 1171; x_wconf 88' lang='lat' dir='ltr'>quanta</span> <span class='ocrx_word' id='word_1_85' title='bbox 296 1095 399 1153; x_wconf 89' lang='lat' dir='ltr'>deinde</span> <span class='ocrx_word' id='word_1_86' title='bbox 420 1096 451 1152; x_wconf 92' lang='lat' dir='ltr'>in</span> <span class='ocrx_word' id='word_1_87' title='bbox 472 1095 606 1153; x_wconf 91' lang='lat' dir='ltr'>omnibus</span> <span class='ocrx_word' id='word_1_88' title='bbox 626 1095 710 1152; x_wconf 90' lang='lat' dir='ltr'>rebus</span> <span class='ocrx_word' id='word_1_89' title='bbox 726 1098 925 1173; x_wconf 89' lang='lat' dir='ltr'>temperantia,</span> 
     </span>
     <span class='ocr_line' id='line_1_14' title="bbox 88 1173 927 1253; baseline 0.004 -23"><span class='ocrx_word' id='word_1_90' title='bbox 88 1181 193 1250; x_wconf 90' lang='lat' dir='ltr'>quanta</span> <span class='ocrx_word' id='word_1_91' title='bbox 203 1173 268 1245; x_wconf 91' lang='lat' dir='ltr'>fide,</span> <span class='ocrx_word' id='word_1_92' title='bbox 281 1183 391 1252; x_wconf 87' lang='lat' dir='ltr'>quanta·</span> <span class='ocrx_word' id='word_1_93' title='bbox 400 1175 547 1245; x_wconf 79' lang='lat' dir='ltr'>facilitate,</span> <span class='ocrx_word' id='word_1_94' title='bbox 560 1182 667 1251; x_wconf 85' lang='lat' dir='ltr'>quanto</span> <span class='ocrx_word' id='word_1_95' title='bbox 682 1176 806 1251; x_wconf 81' lang='lat' dir='ltr'>ingenio,</span> <span class='ocrx_word' id='word_1_96' title='bbox 819 1186 927 1253; x_wconf 89' lang='lat' dir='ltr'>quanta</span> 
     </span>
     <span class='ocr_line' id='line_1_15' title="bbox 87 1253 926 1332; baseline 0.006 -23"><span class='ocrx_word' id='word_1_97' title='bbox 87 1253 283 1311; x_wconf 66' lang='lat' dir='ltr'>humanitate?</span> <span class='ocrx_word' id='word_1_98' title='bbox 324 1254 403 1323; x_wconf 80' lang='lat' dir='ltr'>Quae</span> <span class='ocrx_word' id='word_1_99' title='bbox 419 1255 541 1312; x_wconf 80' lang='lat' dir='ltr'>breviter</span> <span class='ocrx_word' id='word_1_100' title='bbox 555 1254 648 1332; x_wconf 89' lang='lat' dir='ltr'>qualia</span> <span class='ocrx_word' id='word_1_101' title='bbox 662 1255 719 1312; x_wconf 90' lang='lat' dir='ltr'>sint</span> <span class='ocrx_word' id='word_1_102' title='bbox 733 1256 763 1312; x_wconf 92' lang='lat' dir='ltr'>in</span> <span class='ocrx_word' id='word_1_103' title='bbox 778 1255 829 1313; x_wconf 86' lang='lat' dir='ltr'>Cn.</span> <span class='ocrx_word' id='word_1_104' title='bbox 840 1257 926 1314; x_wconf 91' lang='lat' dir='ltr'>Pom-</span> 
     </span>
     <span class='ocr_line' id='line_1_16' title="bbox 86 1334 927 1411; baseline 0.006 -22"><span class='ocrx_word' id='word_1_105' title='bbox 86 1335 152 1411; x_wconf 90' lang='lat' dir='ltr'>peio</span> <span class='ocrx_word' id='word_1_106' title='bbox 169 1334 397 1392; x_wconf 87' lang='lat' dir='ltr'>consideremus:</span> <span class='ocrx_word' id='word_1_107' title='bbox 419 1354 532 1391; x_wconf 88' lang='lat' dir='ltr'>summa</span> <span class='ocrx_word' id='word_1_108' title='bbox 552 1335 628 1391; x_wconf 90' lang='lat' dir='ltr'>enim</span> <span class='ocrx_word' id='word_1_109' title='bbox 650 1335 747 1392; x_wconf 91' lang='lat' dir='ltr'>omnia</span> <span class='ocrx_word' id='word_1_110' title='bbox 768 1343 841 1407; x_wconf 90' lang='lat' dir='ltr'>sunt,</span> <span class='ocrx_word' id='word_1_111' title='bbox 858 1336 927 1404; x_wconf 79' lang='lat' dir='ltr'>Qui-</span> 
     </span>
     <span class='ocr_line' id='line_1_17' title="bbox 86 1412 926 1493; baseline 0.006 -25"><span class='ocrx_word' id='word_1_112' title='bbox 86 1412 162 1483; x_wconf 78' lang='lat' dir='ltr'>riteS,</span> <span class='ocrx_word' id='word_1_113' title='bbox 175 1413 225 1470; x_wconf 89' lang='lat' dir='ltr'>sed</span> <span class='ocrx_word' id='word_1_114' title='bbox 235 1433 268 1470; x_wconf 88' lang='lat' dir='ltr'>ea</span> <span class='ocrx_word' id='word_1_115' title='bbox 281 1415 374 1490; x_wconf 82' lang='lat' dir='ltr'>magis</span> <span class='ocrx_word' id='word_1_116' title='bbox 388 1433 422 1472; x_wconf 90' lang='lat' dir='ltr'>ex</span> <span class='ocrx_word' id='word_1_117' title='bbox 436 1414 557 1470; x_wconf 87' lang='lat' dir='ltr'>aliorum</span> <span class='ocrx_word' id='word_1_118' title='bbox 569 1415 752 1472; x_wconf 88' lang='lat' dir='ltr'>contentione</span> <span class='ocrx_word' id='word_1_119' title='bbox 767 1436 852 1492; x_wconf 89' lang='lat' dir='ltr'>quam</span> <span class='ocrx_word' id='word_1_120' title='bbox 863 1417 926 1493; x_wconf 90' lang='lat' dir='ltr'>ipsa</span> 
     </span>
     <span class='ocr_line' id='line_1_18' title="bbox 86 1493 925 1571; baseline 0.006 -23"><span class='ocrx_word' id='word_1_121' title='bbox 86 1511 139 1568; x_wconf 87' lang='lat' dir='ltr'>per</span> <span class='ocrx_word' id='word_1_122' title='bbox 151 1511 215 1549; x_wconf 87' lang='lat' dir='ltr'>sese</span> <span class='ocrx_word' id='word_1_123' title='bbox 224 1495 359 1570; x_wconf 82' lang='lat' dir='ltr'>cognosci</span> <span class='ocrx_word' id='word_1_124' title='bbox 373 1501 459 1571; x_wconf 89' lang='lat' dir='ltr'>atque</span> <span class='ocrx_word' id='word_1_125' title='bbox 473 1493 595 1570; x_wconf 82' lang='lat' dir='ltr'>inteliigi</span> <span class='ocrx_word' id='word_1_126' title='bbox 605 1502 733 1570; x_wconf 88' lang='lat' dir='ltr'>possunt.</span> <span class='ocrx_word' id='word_1_127' title='bbox 770 1495 815 1553; x_wconf 79' lang='grc'>37.</span> <span class='ocrx_word' id='word_1_128' title='bbox 833 1496 925 1565; x_wconf 80' lang='lat' dir='ltr'>Quem</span> 
     </span>
     <span class='ocr_line' id='line_1_19' title="bbox 86 1572 924 1652; baseline 0.002 -22"><span class='ocrx_word' id='word_1_129' title='bbox 86 1572 163 1630; x_wconf 90' lang='lat' dir='ltr'>enim</span> <span class='ocrx_word' id='word_1_130' title='bbox 177 1573 379 1651; x_wconf 87' lang='lat' dir='ltr'>imperatorem</span> <span class='ocrx_word' id='word_1_131' title='bbox 393 1594 545 1652; x_wconf 89' lang='lat' dir='ltr'>possumus</span> <span class='ocrx_word' id='word_1_132' title='bbox 562 1574 620 1631; x_wconf 91' lang='lat' dir='ltr'>ullo</span> <span class='ocrx_word' id='word_1_133' title='bbox 634 1575 664 1631; x_wconf 90' lang='lat' dir='ltr'>in</span> <span class='ocrx_word' id='word_1_134' title='bbox 681 1595 800 1633; x_wconf 87' lang='lat' dir='ltr'>numero</span> <span class='ocrx_word' id='word_1_135' title='bbox 814 1584 924 1652; x_wconf 87' lang='lat' dir='ltr'>putare,</span> 
     </span>
     <span class='ocr_line' id='line_1_20' title="bbox 86 1653 926 1732; baseline 0.004 -23"><span class='ocrx_word' id='word_1_136' title='bbox 86 1653 166 1710; x_wconf 91' lang='lat' dir='ltr'>cuius</span> <span class='ocrx_word' id='word_1_137' title='bbox 177 1653 206 1710; x_wconf 91' lang='lat' dir='ltr'>in</span> <span class='ocrx_word' id='word_1_138' title='bbox 216 1655 340 1712; x_wconf 86' lang='lat' dir='ltr'>exercitu</span> <span class='ocrx_word' id='word_1_139' title='bbox 355 1655 528 1712; x_wconf 88' lang='lat' dir='ltr'>centuriatus</span> <span class='ocrx_word' id='word_1_140' title='bbox 536 1661 658 1712; x_wconf 78' lang='lat' dir='ltr'>veneant</span> <span class='ocrx_word' id='word_1_141' title='bbox 668 1662 753 1732; x_wconf 89' lang='lat' dir='ltr'>atque</span> <span class='ocrx_word' id='word_1_142' title='bbox 767 1657 926 1714; x_wconf 66' lang='lat' dir='ltr'>venierint?</span> 
     </span>
     <span class='ocr_line' id='line_1_21' title="bbox 86 1732 925 1811; baseline 0.004 -22"><span class='ocrx_word' id='word_1_143' title='bbox 86 1732 163 1800; x_wconf 82' lang='lat' dir='ltr'>Quid</span> <span class='ocrx_word' id='word_1_144' title='bbox 173 1732 250 1790; x_wconf 87' lang='lat' dir='ltr'>hunc</span> <span class='ocrx_word' id='word_1_145' title='bbox 260 1734 408 1792; x_wconf 89' lang='lat' dir='ltr'>hominem</span> <span class='ocrx_word' id='word_1_146' title='bbox 418 1754 556 1810; x_wconf 84' lang='lat' dir='ltr'>magnum</span> <span class='ocrx_word' id='word_1_147' title='bbox 568 1741 617 1791; x_wconf 91' lang='lat' dir='ltr'>aut</span> <span class='ocrx_word' id='word_1_148' title='bbox 627 1734 755 1810; x_wconf 89' lang='lat' dir='ltr'>amplum</span> <span class='ocrx_word' id='word_1_149' title='bbox 767 1736 842 1792; x_wconf 88' lang='lat' dir='ltr'>dere</span> <span class='ocrx_word' id='word_1_150' title='bbox 853 1737 925 1811; x_wconf 91' lang='lat' dir='ltr'>pub-</span> 
     </span>
     <span class='ocr_line' id='line_1_22' title="bbox 85 1811 923 1890; baseline 0.002 -22"><span class='ocrx_word' id='word_1_151' title='bbox 85 1811 140 1869; x_wconf 89' lang='lat' dir='ltr'>lica</span> <span class='ocrx_word' id='word_1_152' title='bbox 158 1813 293 1888; x_wconf 87' lang='lat' dir='ltr'>cogitare,</span> <span class='ocrx_word' id='word_1_153' title='bbox 306 1815 355 1890; x_wconf 92' lang='lat' dir='ltr'>qui</span> <span class='ocrx_word' id='word_1_154' title='bbox 371 1814 522 1890; x_wconf 90' lang='lat' dir='ltr'>pecuniam</span> <span class='ocrx_word' id='word_1_155' title='bbox 540 1833 574 1871; x_wconf 85' lang='lat' dir='ltr'>ex</span> <span class='ocrx_word' id='word_1_156' title='bbox 595 1815 702 1871; x_wconf 87' lang='lat' dir='ltr'>aerario</span> <span class='ocrx_word' id='word_1_157' title='bbox 723 1814 923 1890; x_wconf 89' lang='lat' dir='ltr'>depromptam</span> 
     </span>
     <span class='ocr_line' id='line_1_23' title="bbox 85 1891 923 1971; baseline 0.002 -23"><span class='ocrx_word' id='word_1_158' title='bbox 85 1892 122 1949; x_wconf 93' lang='lat' dir='ltr'>ad</span> <span class='ocrx_word' id='word_1_159' title='bbox 138 1891 245 1949; x_wconf 88' lang='lat' dir='ltr'>bellum</span> <span class='ocrx_word' id='word_1_160' title='bbox 263 1893 521 1951; x_wconf 89' lang='lat' dir='ltr'>administrandum</span> <span class='ocrx_word' id='word_1_161' title='bbox 538 1901 587 1951; x_wconf 88' lang='lat' dir='ltr'>aut</span> <span class='ocrx_word' id='word_1_162' title='bbox 600 1901 719 1971; x_wconf 89' lang='lat' dir='ltr'>propter</span> <span class='ocrx_word' id='word_1_163' title='bbox 735 1893 923 1969; x_wconf 87' lang='lat' dir='ltr'>cupiditatem</span> 
     </span>
     <span class='ocr_line' id='line_1_24' title="bbox 85 1972 925 2052; baseline 0.004 -24"><span class='ocrx_word' id='word_1_164' title='bbox 85 1972 249 2048; x_wconf 88' lang='lat' dir='ltr'>provinciae</span> <span class='ocrx_word' id='word_1_165' title='bbox 266 1973 479 2049; x_wconf 83' lang='lat' dir='ltr'>magistratibus</span> <span class='ocrx_word' id='word_1_166' title='bbox 496 1974 624 2030; x_wconf 88' lang='lat' dir='ltr'>diviserit</span> <span class='ocrx_word' id='word_1_167' title='bbox 640 1979 690 2030; x_wconf 87' lang='lat' dir='ltr'>aut</span> <span class='ocrx_word' id='word_1_168' title='bbox 706 1981 824 2052; x_wconf 89' lang='lat' dir='ltr'>propter</span> <span class='ocrx_word' id='word_1_169' title='bbox 838 1976 925 2032; x_wconf 85' lang='lat' dir='ltr'>avari-</span> 
     </span>
     <span class='ocr_line' id='line_1_25' title="bbox 85 2052 925 2130; baseline 0.004 -21"><span class='ocrx_word' id='word_1_170' title='bbox 85 2052 155 2109; x_wconf 85' lang='lat' dir='ltr'>tiam</span> <span class='ocrx_word' id='word_1_171' title='bbox 172 2052 281 2109; x_wconf 85' lang='lat' dir='ltr'>Romae</span> <span class='ocrx_word' id='word_1_172' title='bbox 298 2053 328 2108; x_wconf 93' lang='lat' dir='ltr'>in</span> <span class='ocrx_word' id='word_1_173' title='bbox 350 2060 469 2129; x_wconf 86' lang='lat' dir='ltr'>quaestu</span> <span class='ocrx_word' id='word_1_174' title='bbox 484 2052 648 2130; x_wconf 60' lang='lat' dir='ltr'>reliquerit?</span> <span class='ocrx_word' id='word_1_175' title='bbox 688 2052 792 2111; x_wconf 89' lang='lat' dir='ltr'>Vestra</span> <span class='ocrx_word' id='word_1_176' title='bbox 812 2054 925 2112; x_wconf 87' lang='lat' dir='ltr'>admur-</span> 
     </span>
     <span class='ocr_line' id='line_1_26' title="bbox 84 2131 922 2212; baseline 0.005 -24"><span class='ocrx_word' id='word_1_177' title='bbox 84 2132 209 2189; x_wconf 89' lang='lat' dir='ltr'>muratio</span> <span class='ocrx_word' id='word_1_178' title='bbox 229 2132 309 2204; x_wconf 81' lang='lat' dir='ltr'>facit,</span> <span class='ocrx_word' id='word_1_179' title='bbox 320 2131 454 2204; x_wconf 81' lang='lat' dir='ltr'>Quirites,</span> <span class='ocrx_word' id='word_1_180' title='bbox 468 2140 501 2190; x_wconf 87' lang='lat' dir='ltr'>ut</span> <span class='ocrx_word' id='word_1_181' title='bbox 522 2152 675 2210; x_wconf 84' lang='lat' dir='ltr'>agnoscere</span> <span class='ocrx_word' id='word_1_182' title='bbox 694 2133 849 2191; x_wconf 85' lang='lat' dir='ltr'>videamini</span> <span class='ocrx_word' id='word_1_183' title='bbox 873 2137 922 2212; x_wconf 92' lang='lat' dir='ltr'>qui</span> 
     </span>
     <span class='ocr_line' id='line_1_27' title="bbox 84 2210 925 2292; baseline 0.004 -23"><span class='ocrx_word' id='word_1_184' title='bbox 84 2210 154 2269; x_wconf 90' lang='lat' dir='ltr'>hacc</span> <span class='ocrx_word' id='word_1_185' title='bbox 170 2212 307 2269; x_wconf 90' lang='lat' dir='ltr'>fecerint:</span> <span class='ocrx_word' id='word_1_186' title='bbox 328 2231 383 2288; x_wconf 83' lang='lat' dir='ltr'>ego</span> <span class='ocrx_word' id='word_1_187' title='bbox 397 2220 492 2271; x_wconf 89' lang='lat' dir='ltr'>autem</span> <span class='ocrx_word' id='word_1_188' title='bbox 507 2213 627 2271; x_wconf 91' lang='lat' dir='ltr'>nomino</span> <span class='ocrx_word' id='word_1_189' title='bbox 641 2213 801 2272; x_wconf 86' lang='lat' dir='ltr'>neminem:</span> <span class='ocrx_word' id='word_1_190' title='bbox 825 2235 881 2292; x_wconf 87' lang='lat' dir='ltr'>qua</span> <span class='ocrx_word' id='word_1_191' title='bbox 894 2236 925 2272; x_wconf 87' lang='lat' dir='ltr'>rc</span> 
     </span>
     <span class='ocr_line' id='line_1_28' title="bbox 83 2291 925 2372; baseline 0.004 -24"><span class='ocrx_word' id='word_1_192' title='bbox 83 2291 166 2349; x_wconf 88' lang='lat' dir='ltr'>irasci</span> <span class='ocrx_word' id='word_1_193' title='bbox 180 2291 253 2349; x_wconf 86' lang='lat' dir='ltr'>mihi</span> <span class='ocrx_word' id='word_1_194' title='bbox 267 2311 352 2349; x_wconf 89' lang='lat' dir='ltr'>nemo</span> <span class='ocrx_word' id='word_1_195' title='bbox 367 2294 481 2369; x_wconf 87' lang='lat' dir='ltr'>poterit,</span> <span class='ocrx_word' id='word_1_196' title='bbox 492 2295 548 2350; x_wconf 91' lang='lat' dir='ltr'>nisi</span> <span class='ocrx_word' id='word_1_197' title='bbox 563 2295 612 2372; x_wconf 92' lang='lat' dir='ltr'>qui</span> <span class='ocrx_word' id='word_1_198' title='bbox 627 2302 692 2352; x_wconf 93' lang='lat' dir='ltr'>ante</span> <span class='ocrx_word' id='word_1_199' title='bbox 707 2294 742 2352; x_wconf 91' lang='lat' dir='ltr'>de</span> <span class='ocrx_word' id='word_1_200' title='bbox 760 2315 788 2352; x_wconf 91' lang='lat' dir='ltr'>se</span> <span class='ocrx_word' id='word_1_201' title='bbox 804 2295 925 2351; x_wconf 87' lang='lat' dir='ltr'>voluerit</span> 
     </span>
     <span class='ocr_line' id='line_1_29' title="bbox 85 2371 925 2450; baseline 0.001 -22"><span class='ocrx_word' id='word_1_202' title='bbox 85 2371 222 2430; x_wconf 90' lang='lat' dir='ltr'>confiteri.</span> <span class='ocrx_word' id='word_1_203' title='bbox 264 2372 365 2448; x_wconf 88' lang='lat' dir='ltr'>Itaque</span> <span class='ocrx_word' id='word_1_204' title='bbox 381 2380 498 2450; x_wconf 89' lang='lat' dir='ltr'>propter</span> <span class='ocrx_word' id='word_1_205' title='bbox 514 2374 587 2431; x_wconf 91' lang='lat' dir='ltr'>hanc</span> <span class='ocrx_word' id='word_1_206' title='bbox 607 2375 754 2432; x_wconf 88' lang='lat' dir='ltr'>avaritiam</span> <span class='ocrx_word' id='word_1_207' title='bbox 771 2375 925 2449; x_wconf 88' lang='lat' dir='ltr'>imperato-</span> 
     </span>
     <span class='ocr_line' id='line_1_30' title="bbox 84 2452 923 2530; baseline -0.001 -21"><span class='ocrx_word' id='word_1_208' title='bbox 84 2471 148 2509; x_wconf 92' lang='lat' dir='ltr'>rum</span> <span class='ocrx_word' id='word_1_209' title='bbox 177 2459 297 2529; x_wconf 86' lang='lat' dir='ltr'>quantas</span> <span class='ocrx_word' id='word_1_210' title='bbox 321 2452 504 2525; x_wconf 88' lang='lat' dir='ltr'>calamitates,</span> <span class='ocrx_word' id='word_1_211' title='bbox 524 2473 704 2530; x_wconf 89' lang='lat' dir='ltr'>quocumque</span> <span class='ocrx_word' id='word_1_212' title='bbox 729 2460 846 2510; x_wconf 86' lang='lat' dir='ltr'>ventum</span> <span class='ocrx_word' id='word_1_213' title='bbox 872 2458 923 2522; x_wconf 82' lang='lat' dir='ltr'>est,</span> 
     </span>
     <span class='ocr_line' id='line_1_31' title="bbox 84 2531 926 2610; baseline 0 -22"><span class='ocrx_word' id='word_1_214' title='bbox 84 2533 175 2589; x_wconf 86' lang='lat' dir='ltr'>nostri</span> <span class='ocrx_word' id='word_1_215' title='bbox 199 2532 340 2589; x_wconf 84' lang='lat' dir='ltr'>exercitus</span> <span class='ocrx_word' id='word_1_216' title='bbox 365 2533 459 2591; x_wconf 90' lang='lat' dir='ltr'>ferant</span> <span class='ocrx_word' id='word_1_217' title='bbox 484 2533 547 2610; x_wconf 91' lang='lat' dir='ltr'>quis</span> <span class='ocrx_word' id='word_1_218' title='bbox 571 2533 706 2608; x_wconf 71' lang='lat' dir='ltr'>ignorat?</span> <span class='ocrx_word' id='word_1_219' title='bbox 750 2537 796 2588; x_wconf 83' lang='lat'>38.</span> <span class='ocrx_word' id='word_1_220' title='bbox 817 2531 926 2588; x_wconf 90' lang='lat' dir='ltr'>Itinera</span> 
     </span>
     <span class='ocr_line' id='line_1_32' title="bbox 85 2612 925 2688; baseline -0.001 -21"><span class='ocrx_word' id='word_1_221' title='bbox 85 2630 157 2687; x_wconf 90' lang='lat' dir='ltr'>quae</span> <span class='ocrx_word' id='word_1_222' title='bbox 177 2631 229 2688; x_wconf 90' lang='lat' dir='ltr'>per</span> <span class='ocrx_word' id='word_1_223' title='bbox 245 2612 331 2670; x_wconf 90' lang='lat' dir='ltr'>hosce</span> <span class='ocrx_word' id='word_1_224' title='bbox 347 2632 437 2670; x_wconf 90' lang='lat' dir='ltr'>annos</span> <span class='ocrx_word' id='word_1_225' title='bbox 455 2613 486 2668; x_wconf 90' lang='lat' dir='ltr'>in</span> <span class='ocrx_word' id='word_1_226' title='bbox 502 2612 586 2669; x_wconf 85' lang='lat' dir='ltr'>Italia</span> <span class='ocrx_word' id='word_1_227' title='bbox 601 2629 654 2687; x_wconf 90' lang='lat' dir='ltr'>per</span> <span class='ocrx_word' id='word_1_228' title='bbox 672 2628 757 2685; x_wconf 80' lang='lat' dir='ltr'>agros</span> <span class='ocrx_word' id='word_1_229' title='bbox 772 2617 857 2686; x_wconf 88' lang='lat' dir='ltr'>atque</span> <span class='ocrx_word' id='word_1_230' title='bbox 875 2631 925 2688; x_wconf 92' lang='lat' dir='ltr'>op-</span> 
     </span>
     <span class='ocr_line' id='line_1_33' title="bbox 84 2690 925 2767; baseline 0.004 -21"><span class='ocrx_word' id='word_1_231' title='bbox 84 2690 154 2767; x_wconf 89' lang='lat' dir='ltr'>pida</span> <span class='ocrx_word' id='word_1_232' title='bbox 166 2692 271 2749; x_wconf 88' lang='lat' dir='ltr'>civium</span> <span class='ocrx_word' id='word_1_233' title='bbox 286 2692 482 2749; x_wconf 88' lang='lat' dir='ltr'>Romanorum</span> <span class='ocrx_word' id='word_1_234' title='bbox 500 2691 591 2748; x_wconf 88' lang='lat' dir='ltr'>nostri</span> <span class='ocrx_word' id='word_1_235' title='bbox 604 2691 790 2766; x_wconf 86' lang='lat' dir='ltr'>imperatores</span> <span class='ocrx_word' id='word_1_236' title='bbox 803 2691 925 2749; x_wconf 82' lang='lat' dir='ltr'>fecerint</span> 
     </span>
     <span class='ocr_line' id='line_1_34' title="bbox 84 2770 924 2848; baseline 0.005 -22"><span class='ocrx_word' id='word_1_237' title='bbox 84 2770 290 2829; x_wconf 85' lang='lat' dir='ltr'>recordamini:</span> <span class='ocrx_word' id='word_1_238' title='bbox 311 2779 374 2829; x_wconf 90' lang='lat' dir='ltr'>tum</span> <span class='ocrx_word' id='word_1_239' title='bbox 389 2771 502 2828; x_wconf 81' lang='lat' dir='ltr'>facilius</span> <span class='ocrx_word' id='word_1_240' title='bbox 519 2770 650 2827; x_wconf 89' lang='lat' dir='ltr'>statuetis</span> <span class='ocrx_word' id='word_1_241' title='bbox 667 2770 737 2846; x_wconf 90' lang='lat' dir='ltr'>quid</span> <span class='ocrx_word' id='word_1_242' title='bbox 754 2771 832 2848; x_wconf 89' lang='lat' dir='ltr'>apud</span> <span class='ocrx_word' id='word_1_243' title='bbox 848 2779 924 2830; x_wconf 76' lang='lat' dir='ltr'>exte</span> 
     </span>
     <span class='ocr_line' id='line_1_35' title="bbox 84 2849 924 2927; baseline 0.004 -20"><span class='ocrx_word' id='word_1_244' title='bbox 84 2869 129 2907; x_wconf 90' lang='lat' dir='ltr'>ras</span> <span class='ocrx_word' id='word_1_245' title='bbox 143 2851 273 2908; x_wconf 90' lang='lat' dir='ltr'>nationes</span> <span class='ocrx_word' id='word_1_246' title='bbox 287 2851 347 2908; x_wconf 90' lang='lat' dir='ltr'>fieri</span> <span class='ocrx_word' id='word_1_247' title='bbox 362 2850 538 2910; x_wconf 86' lang='lat' dir='ltr'>existimetis.</span> <span class='ocrx_word' id='word_1_248' title='bbox 577 2849 685 2907; x_wconf 88' lang='lat' dir='ltr'>Utrum</span> <span class='ocrx_word' id='word_1_249' title='bbox 699 2850 795 2927; x_wconf 88' lang='lat' dir='ltr'>plures</span> <span class='ocrx_word' id='word_1_250' title='bbox 808 2851 924 2910; x_wconf 88' lang='lat' dir='ltr'>arbitra-</span> 
     </span>
     <span class='ocr_line' id='line_1_36' title="bbox 84 2930 924 3007; baseline 0.005 -22"><span class='ocrx_word' id='word_1_251' title='bbox 84 2931 156 2988; x_wconf 91' lang='lat' dir='ltr'>mini</span> <span class='ocrx_word' id='word_1_252' title='bbox 172 2950 225 3007; x_wconf 92' lang='lat' dir='ltr'>pcr</span> <span class='ocrx_word' id='word_1_253' title='bbox 240 2931 325 2988; x_wconf 90' lang='lat' dir='ltr'>hosce</span> <span class='ocrx_word' id='word_1_254' title='bbox 342 2950 432 2988; x_wconf 84' lang='lat' dir='ltr'>annos</span> <span class='ocrx_word' id='word_1_255' title='bbox 448 2930 573 2986; x_wconf 86' lang='lat' dir='ltr'>militum</span> <span class='ocrx_word' id='word_1_256' title='bbox 588 2937 747 2988; x_wconf 90' lang='lat' dir='ltr'>vestrorum</span> <span class='ocrx_word' id='word_1_257' title='bbox 761 2933 846 2989; x_wconf 87' lang='lat' dir='ltr'>armis</span> <span class='ocrx_word' id='word_1_258' title='bbox 859 2933 924 2989; x_wconf 90' lang='lat' dir='ltr'>hos-</span> 
     </span>
     <span class='ocr_line' id='line_1_37' title="bbox 84 3010 922 3070; baseline 0.002 -4"><span class='ocrx_word' id='word_1_259' title='bbox 84 3010 158 3066; x_wconf 91' lang='lat' dir='ltr'>tium</span> <span class='ocrx_word' id='word_1_260' title='bbox 175 3010 259 3067; x_wconf 90' lang='lat' dir='ltr'>urbes</span> <span class='ocrx_word' id='word_1_261' title='bbox 276 3030 311 3068; x_wconf 92' lang='lat' dir='ltr'>an</span> <span class='ocrx_word' id='word_1_262' title='bbox 328 3010 454 3068; x_wconf 89' lang='lat' dir='ltr'>hibernis</span> <span class='ocrx_word' id='word_1_263' title='bbox 471 3010 613 3067; x_wconf 89' lang='lat' dir='ltr'>sociorum</span> <span class='ocrx_word' id='word_1_264' title='bbox 628 3010 757 3069; x_wconf 86' lang='lat' dir='ltr'>civitates</span> <span class='ocrx_word' id='word_1_265' title='bbox 773 3033 832 3070; x_wconf 88' lang='lat' dir='ltr'>esse</span> <span class='ocrx_word' id='word_1_266' title='bbox 850 3012 922 3069; x_wconf 77' lang='lat' dir='ltr'>dele</span> 
     </span>
     <span class='ocr_line' id='line_1_38' title="bbox 84 3089 924 3168; baseline 0.001 -22"><span class='ocrx_word' id='word_1_267' title='bbox 84 3091 146 3147; x_wconf 72' lang='lat' dir='ltr'>tasi</span> <span class='ocrx_word' id='word_1_268' title='bbox 187 3089 288 3168; x_wconf 87' lang='lat' dir='ltr'>Neque</span> <span class='ocrx_word' id='word_1_269' title='bbox 305 3091 382 3148; x_wconf 89' lang='lat' dir='ltr'>enim</span> <span class='ocrx_word' id='word_1_270' title='bbox 395 3096 491 3168; x_wconf 88' lang='lat' dir='ltr'>potest</span> <span class='ocrx_word' id='word_1_271' title='bbox 505 3091 660 3148; x_wconf 86' lang='lat' dir='ltr'>exercitum</span> <span class='ocrx_word' id='word_1_272' title='bbox 674 3092 699 3148; x_wconf 86' lang='lat' dir='ltr'>is</span> <span class='ocrx_word' id='word_1_273' title='bbox 713 3093 857 3150; x_wconf 90' lang='lat' dir='ltr'>continere</span> <span class='ocrx_word' id='word_1_274' title='bbox 872 3093 924 3148; x_wconf 94' lang='lat' dir='ltr'>im-</span> 
     </span>
     <span class='ocr_line' id='line_1_39' title="bbox 74 3171 922 3250; baseline 0.005 -25"><span class='ocrx_word' id='word_1_275' title='bbox 74 3175 203 3242; x_wconf 82' lang='lat' dir='ltr'>perator,</span> <span class='ocrx_word' id='word_1_276' title='bbox 218 3171 267 3247; x_wconf 79' lang='lat' dir='ltr'>qni</span> <span class='ocrx_word' id='word_1_277' title='bbox 282 3190 312 3228; x_wconf 94' lang='lat' dir='ltr'>se</span> <span class='ocrx_word' id='word_1_278' title='bbox 326 3171 387 3248; x_wconf 88' lang='lat' dir='ltr'>ipse</span> <span class='ocrx_word' id='word_1_279' title='bbox 401 3190 460 3229; x_wconf 90' lang='lat' dir='ltr'>non</span> <span class='ocrx_word' id='word_1_280' title='bbox 477 3171 616 3238; x_wconf 68' lang='lat' dir='ltr'>continet,</span> <span class='ocrx_word' id='word_1_281' title='bbox 626 3191 719 3250; x_wconf 82' lang='lat' dir='ltr'>neque</span> <span class='ocrx_word' id='word_1_282' title='bbox 736 3191 850 3231; x_wconf 72' lang='lat' dir='ltr'>seuerus</span> <span class='ocrx_word' id='word_1_283' title='bbox 863 3191 922 3229; x_wconf 84' lang='lat' dir='ltr'>esse</span> 
     </span>
    </p>
   </div>
   <div class='ocr_carea' id='block_1_3' title="bbox 0 0 998 3480">
    <p class='ocr_par' dir='ltr' id='par_1_4' title="bbox 0 0 998 3480">
     <span class='ocr_line' id='line_1_40' title="bbox 0 0 998 3480; baseline 0 1"><span class='ocrx_word' id='word_1_284' title='bbox 0 0 998 3480; x_wconf 95' lang='lat' dir='ltr'> </span> 
     </span>
    </p>
   </div>
  </div>
 </body>
</html>
