1988 3480
245 127 324 185 CAP.
339 127 605 191 :invni-xxxx,
620 126 635 188 ἓ
653 129 741 179 60-64.
874 133 919 179 105

72 231 253 288 suffocaverit
270 230 427 307 sapientem
447 230 519 287 nihil
538 231 658 308 opinari,
674 231 780 289 nullius
799 231 841 290 rei
856 251 921 310 pae

71 312 169 382 nitere,
182 311 260 367 nulla
273 311 303 367 iu
317 329 347 367 re
358 310 427 382 falli,
443 312 616 368 sententiam
630 319 741 369 mutare
752 331 917 390 numquam.

71 390 169 447 XXX.
214 396 259 447 62.
278 390 359 447 Haec
387 390 475 447 homo
506 392 760 468 ingeniosissimus,
778 392 817 449 M.
836 391 917 462 Cato,

71 470 234 527 auctoribus
249 470 449 527 eruditissimis
461 471 596 541 inductus
612 471 745 548 adripuit,
758 491 850 548 neque
865 471 920 528 dis-

71 550 192 626 putandi
210 570 300 621 causa,
316 557 349 607 ut
365 569 470 628 magna
488 571 562 628 pars,
580 552 629 608 sed
646 552 687 608 ita
703 552 824 608 vivendi.
867 552 920 609 Pe-

71 637 137 687 tunt
158 630 266 707 aliquid
282 631 446 707 publicani:
470 651 537 689 cave
560 631 716 709 quidquam
737 631 841 688 habeat
860 651 920 688 mo

71 711 161 767 menti
175 710 274 787 gratia.
318 711 468 788 Supplices
486 711 574 788 aliqui
590 712 709 768 veniunt
724 711 818 767 miseri
834 717 863 767 et
877 730 920 768 ca·

71 789 212 848 lamitosi:
235 791 387 848 sceleratus
409 797 437 848 ct
457 792 583 848 nefarius
603 790 700 862 fucris,
717 791 741 847 si
762 790 918 868 quidquam

71 869 264 927 misericordia
293 870 434 928 adductus
461 871 570 929 feceris.
615 871 732 929 Fatetur
760 870 862 947 aliquis
889 890 918 928 se

70 968 200 1024 peccasse
222 957 250 1007 et
271 951 331 1008 eius
350 951 447 1008 delicti
467 952 580 1008 reniam
599 951 691 1028 petit:
713 950 856 1008 nefarium
876 957 918 1007 est

70 1028 181 1086 facinus
192 1030 346 1106 ignoscere.
385 1030 428 1086 At
438 1030 499 1087 leve
510 1031 648 1088 delictum
663 1037 724 1088 est:
747 1030 845 1087 omnia
855 1049 918 1107 pec-

74 1113 137 1164 cata
153 1115 219 1164 sunt
236 1109 322 1186 paria.
364 1107 473 1165 Dixisti
490 1107 655 1185 quippiam:
677 1107 766 1164 lixum
783 1114 813 1165 et
829 1115 916 1166 statu·

73 1193 135 1243 tum
155 1194 204 1244 est.
247 1187 364 1245 Non're
384 1187 487 1245 ductus
506 1206 543 1258 es,
560 1186 609 1243 sed
629 1187 781 1263 opinione:
803 1189 916 1264 sapiens

73 1267 146 1322 nihil
160 1267 300 1344 opinatur.
337 1267 444 1324 Errasti
456 1267 550 1343 aliqua
561 1267 590 1322 in
605 1285 649 1323 re:
667 1267 740 1324 male
755 1267 812 1323 dici
823 1275 913 1344 putat.

74 1345 137 1403 Hac
152 1366 186 1403 ex
200 1346 351 1423 disciplina
364 1346 448 1403 nobis
462 1346 510 1403 illa
523 1353 606 1403 sunt:
628 1346 698 1403 Dixi
711 1347 741 1402 in
756 1354 855 1410 senatu
869 1367 915 1404 me

75 1444 180 1482 nomen
197 1427 352 1483 consularis
369 1425 513 1482 candidati
528 1425 695 1482 delaturum.
739 1426 831 1483 Iratus
846 1427 916 1484 dixi·

75 1505 119 1561 sti.
162 1505 336 1582 Numquam,
353 1505 455 1581 inquit,
474 1505 586 1581 sapiens
607 1505 743 1562 irascitur.
785 1506 828 1562 At
845 1513 916 1563 tem-

74 1585 153 1660 poris
170 1604 260 1641 causa.
303 1584 441 1660 Improbi,
453 1584 556 1661 inquit,
569 1584 695 1641 hominis
709 1593 752 1642 est
766 1586 915 1643 mendacio

74 1664 189 1721 fallere:
209 1670 320 1721 mutare
334 1664 505 1720 sententiam
519 1671 602 1740 turpe
617 1673 676 1721 est:
697 1665 805 1722 exorari
816 1666 913 1736 scelus,

74 1744 200 1801 misereri
221 1743 370 1821 flagitium.
415 1749 460 1800 63.
483 1742 583 1801 Nostri
604 1752 699 1802 autem
720 1744 916 1803 illi—fatebor

75 1825 160 1896 enim,
171 1823 252 1896 Cato,
262 1843 309 1881 me
324 1843 438 1902 quoque
452 1823 481 1880 in
496 1823 687 1881 adolescentia
700 1823 825 1882 diffisum
838 1826 916 1902 inge-

74 1904 123 1960 nio
140 1923 205 1961 meo
221 1904 361 1981 quaesisse
378 1904 544 1961 adiumenta
557 1904 751 1975 doctrinae-,
763 1905 861 1977 nostri,
874 1907 916 1962 in-

75 2003 169 2060 quam,
182 1984 223 2041 illi
239 2004 257 2041 a
273 1984 394 2041 Platone
411 1990 440 2041 et
454 1983 618 2054 Aristotele,
629 1985 770 2042 moderati
784 1985 915 2043 homines

75 2071 103 2120 et
117 2065 275 2141 temperati,
289 2065 369 2122 aiunt
386 2063 463 2140 apud
479 2064 636 2140 sapientem
654 2065 744 2122 valere
762 2065 914 2143 aliquando

74 2144 212 2220 gratiam:
237 2144 290 2201 viri
311 2143 381 2201 boni
404 2163 463 2201 esse
486 2144 629 2202 misereri:
655 2144 791 2202 distincta
812 2165 915 2222 genera

75 2243 134 2281 esse
149 2220 317 2281 delictorum
332 2231 361 2280 et
375 2223 501 2300 dispares
514 2242 638 2301 poenas:
660 2244 719 2282 esse
733 2226 811 2302 apud
824 2226 915 2282 horni-

75 2322 140 2360 nem
156 2310 333 2361 constantem
344 2304 512 2380 ignoscendi
522 2304 632 2362 locum:
650 2305 745 2381 ipsum
757 2305 913 2382 sapientem

18 2439 22 2445 ,
75 2402 158 2460 saepe
175 2383 283 2460 aliquid
300 2384 410 2460 opinari
425 2384 503 2460 quod
517 2385 640 2441 nesciat:
663 2385 744 2440 irasci
759 2404 817 2440 non
835 2402 915 2440 num-

75 2481 178 2539 quam:
200 2463 308 2520 exorari
323 2464 455 2520 eumdem
473 2470 501 2520 et
515 2464 635 2540 placari:
659 2464 737 2539 quod
751 2463 861 2533 dixerit,
875 2465 917 2519 in-

74 2543 196 2614 terdum,
209 2543 233 2600 si
246 2543 287 2600 ita
302 2544 407 2600 rectius
423 2544 469 2614 sit,
481 2551 607 2600 mutare:
630 2543 665 2599 de
683 2543 916 2603 sententiadcce-

75 2622 141 2679 dere
155 2622 323 2700 aliquando:
341 2642 440 2680 omnes
451 2624 569 2679 virtutes
584 2622 780 2679 mediocritate
793 2624 914 2698 quadarn

75 2721 135 2759 csse
156 2704 324 2761 moderatas.
366 2703 480 2760 XXXI.
518 2708 563 2759 64.
587 2701 650 2758 Hos
670 2702 707 2758 ad
723 2703 874 2777 magistros
891 2703 915 2759 si

75 2801 131 2858 qua
145 2790 173 2840 te
187 2784 313 2854 fortuna,
326 2782 406 2854 Cato,
420 2802 485 2839 cum
500 2782 555 2838 ista
571 2788 672 2838 natura
689 2782 843 2853 detulisset,
856 2802 915 2839 non

74 2869 107 2919 tu
122 2863 238 2939 quidem
249 2864 291 2919 vir
305 2862 406 2919 melior
420 2881 494 2918 esses
508 2880 560 2918 nec
574 2862 677 2918 iortior
692 2881 743 2918 nee
757 2870 916 2938 temperan-

74 2942 131 2998 tior
144 2962 196 2999 ncc
207 2943 441 3017 iustior-neque
455 2942 532 2998 enim
547 2958 606 2998 esse
617 2948 747 3016 potcs-,
759 2943 808 2999 scd
819 2941 914 3018 paullo

74 3022 111 3078 ad
128 3021 275 3079 lenitatem
291 3021 467 3097 propensior.
511 3020 578 3077 Non
599 3040 742 3078 accusares
763 3022 848 3078 nullis
869 3022 916 3079 ad-

75 3102 178 3159 ductus
192 3101 359 3171 inimicitiis
372 3101 450 3158 nulla
463 3100 608 3157 lacessitus
623 3101 733 3171 iniuria,
745 3103 916 3177 pudentissi-

74 3200 154 3238 mum
180 3181 335 3251 hominem,
356 3200 470 3238 summa
493 3181 640 3258 dignitate
666 3187 760 3254 atqie
772 3181 962 3232 honestans

224 3275 241 3326 9
