1988 3480
310 124 387 172 CAP.
405 123 521 183 111.-V.,
538 121 552 182 ἓ
568 125 641 173 7-12.
850 125 898 171 237

57 227 142 284 huius
160 219 268 283 ordinis
287 245 380 302 neque
402 224 576 282 existimatio
592 224 694 302 populi
711 223 836 281 Romani
852 242 899 280 ne-

58 326 113 384 que
127 306 203 382 leges
217 305 290 362 ullae
304 313 421 382 possent
435 305 583 361 coerceret
620 311 664 362 10.
677 303 787 362 Verum
801 311 898 361 tamen
936 373 939 381 ,

58 387 128 463 quid
140 392 199 442 erat
211 386 288 462 quod
298 405 344 442 me
359 404 481 461 rogares,
492 385 515 439 si
530 391 589 440 erat
603 384 635 454 is,
648 385 753 461 dequo
767 384 896 460 rogabas
912 431 915 435 .

57 465 186 523 Caesaris
199 464 263 542 loge
277 465 410 522 reductus
419 465 436 521 1·
460 464 517 520 Sed
528 463 660 521 videlieet
670 484 765 521 meam
776 465 898 540 gratiam

57 545 149 602 voluit
163 545 342 622 essemque
356 564 392 601 ne
406 545 496 621 ipsius
511 544 627 621 quidem
641 544 699 601 ulla
712 563 772 601 1111
785 551 899 621 poterat

58 625 84 682 le
107 625 200 682 elata.
898 639 900 642 ·

85 644 135 763 gV.
152 705 209 762 Sed
223 724 288 761 eum
306 703 386 775 mihi,
398 711 493 780 patres
507 703 670 780 conscripti,
681 711 710 760 11
723 722 776 780 pro
791 723 837 760 me
851 703 900 760 ali-

59 785 129 862 quid
144 792 172 842 ct
186 785 215 840 in
231 784 269 842 M.
280 782 442 840 Antonium
460 783 550 839 multa
564 783 686 840 dicenda
700 783 765 853 sint,
779 783 898 840 alterum

58 872 127 942 peto
145 884 162 921 a
179 863 268 933 vobiS,
281 871 313 921 11
330 883 376 920 me
393 882 446 940 pro
463 883 509 920 me
527 863 670 920 dicentem
686 861 900 939 1111111111-

58 964 122 1000 mm
138 944 198 1021 ipse
212 943 332 1007 efficiam
343 950 384 1014 ut,
394 950 494 1000 contra
504 942 585 999 illum
600 962 665 1000 cum
676 943 779 1014 dicam,
790 949 898 999 attente

59 1025 187 1081 audiatis.
221 1024 312 1080 Simul
323 1022 395 1080 illud
405 1040 470 1080 oro:
491 1023 515 1079 si
526 1041 620 1079 meam
631 1043 695 1080 curn
708 1023 737 1079 in
749 1023 828 1080 omni
840 1022 899 1078 vita

58 1111 121 1161 tum
143 1105 172 1160 in
195 1103 317 1161 dicendo
341 1103 568 1160 moderationem
591 1103 819 1179 modestiamque
834 1121 899 1179 cog·

58 1185 157 1255 nostis,
169 1203 205 1241 ne
225 1203 272 1241 me
290 1183 386 1254 hodie,
398 1203 464 1240 curn
481 1182 538 1252 isti,
550 1190 583 1238 11
599 1184 772 1259 provocavit,
785 1201 900 1258 respon-

59 1265 135 1333 dero,
147 1264 269 1320 oblitum
280 1283 339 1320 esse
350 1262 459 1340 putetis
471 1262 537 1318 mei.
571 1261 638 1318 Non
649 1262 776 1319 tractabo
791 1269 823 1317 ut
834 1280 900 1317 oon-

60 1344 169 1402 sulem:
190 1363 226 1400 ne
239 1342 287 1399 ille
305 1342 422 1419 quidem
438 1360 486 1398 me
500 1347 533 1397 11
547 1341 732 1398 consularem.
774 1341 837 1397 Etsi
852 1340 899 1398 ille

59 1422 138 1480 nullo
159 1423 248 1479 modo
269 1421 376 1492 consul,
389 1420 433 1477 vel
451 1420 529 1497 quod
549 1421 591 1477 ita
611 1421 682 1477 vivit
702 1420 747 1478 vel
765 1421 842 1497 quod
859 1421 900 1478 ita

60 1522 120 1560 rem
135 1502 278 1578 publicam
293 1500 367 1578 gerit
382 1500 425 1557 vel
437 1500 516 1576 quod
526 1500 567 1557 ita
580 1501 674 1557 factus
689 1506 747 1557 est:
770 1520 824 1578 ego
839 1501 899 1558 sine

61 1581 118 1639 ulla
138 1581 330 1639 controversia
353 1579 517 1637 consularis.
562 1585 607 1638 11.
623 1580 668 1638 Ut
687 1580 777 1657 igitur
797 1580 900 1638 intelli-

60 1661 164 1739 geretis
182 1660 294 1738 qualem
308 1661 370 1738 ipse
387 1680 416 1717 se
433 1660 579 1718 consulem
593 1660 781 1738 profiteretur,
794 1660 899 1719 obiecit

61 1741 132 1798 milri
143 1740 322 1798 consulatum
333 1759 438 1798 meum.
471 1740 527 1808 Qui
538 1741 701 1798 consulatus
710 1740 796 1799 verbo
810 1761 899 1813 meus,

60 1829 155 1899 patres
169 1821 331 1898 conscripti,
342 1841 372 1878 re
383 1828 475 1879 vester
485 1822 549 1879 fuit.
586 1821 663 1890 Quid
675 1822 752 1879 enim
766 1841 821 1899 ego
835 1840 901 1879 con-

61 1902 148 1973 stitui,
162 1901 233 1980 quid
246 1902 330 1979 gessi,
343 1902 413 1980 quid
427 1902 474 1980 egi
487 1903 544 1959 uisi
561 1922 595 1959 11
612 1901 697 1959 huius
712 1903 821 1960 ordinis
835 1921 901 1959 con·

61 1982 123 2039 silio
139 1982 317 2053 auctoritate,
331 1983 489 2040 1111111111
526 1982 606 2040 Η111
622 1990 655 2040 11
672 1982 760 2040 horno
778 1983 898 2060 sapiens,

60 2082 118 2120 non
138 2063 230 2121 solum
249 2063 393 2141 eloquens,
409 2062 487 2140 apud
505 2082 697 2140 1111111111
719 2063 838 2121 consilio
860 2082 901 2119 sa-
944 2061 946 2065 ’

60 2144 224 2220 pientiaque
248 2150 330 2220 gesta
351 2150 526 2214 1111,11111
554 2163 584 2200 11
608 2144 787 2220 vituperare?
829 2141 900 2211 Quis

60 2230 155 2280 autem
166 2242 263 2279 meum
274 2222 454 2279 consulatum
464 2230 575 2299 praeter
585 2229 614 2281 11
625 2231 654 2280 11
664 2224 697 2281 P.
706 2223 840 2280 Clodium
851 2223 900 2299 qui

61 2302 234 2378 vituperaret
250 2302 384 2358 inventus
405 2303 465 2359 estl
486 2303 566 2358 cuius
584 2302 701 2379 quidem
721 2302 775 2360 tibi
796 2303 898 2371 fatum,

62 2381 145 2437 sicuti
156 2380 188 2437 Ο,
198 2380 324 2450 Curioni,
335 2387 448 2438 manet:
471 2382 605 2458 quoniam
620 2381 651 2439 id
661 2382 761 2438 domui
771 2389 837 2438 tuae
848 2388 899 2451 est,

63 2460 141 2537 quod
154 2460 211 2516 fuit
225 2460 339 2516 illorum
354 2460 467 2538 utrique
482 2461 576 2530 fatale.
615 2467 660 2518 la.
674 2461 741 2517 Non
755 2461 849 2538 placet
859 2461 898 2518 M.

61 2540 193 2597 Antonio
208 2538 371 2597 consulatus
384 2560 473 2598 meus,
509 2540 550 2597 At
564 2541 671 2618 placuit
686 2541 718 2598 P.
730 2541 857 2611 Servilio,
867 2548 900 2597 ut

63 2640 128 2677 eum
146 2620 271 2696 primum
287 2620 435 2677 nominem
452 2640 487 2677 ex
503 2619 579 2677 illius
594 2621 733 2697 temporis
750 2620 901 2677 consulari-

63 2699 125 2770 bus,
141 2700 191 2777 qui
213 2700 343 2776 proxime
367 2707 410 2757 est
433 2707 580 2757 mortuus:
608 2700 717 2778 placuit
741 2700 899 2771 11111111,

63 2779 144 2836 cuius
169 2799 280 2857 semper
303 2780 334 2835 in
358 2779 411 2837 hac
435 2799 465 2836 11
489 2779 604 2856 publica
627 2781 704 2838 vivet
727 2780 899 2838 auctoritas:

64 2859 172 2935 placuit
192 2859 304 2916 duobus
322 2858 455 2929 LuculliS,
471 2859 509 2916 M.
521 2860 631 2934 Crasso,
644 2858 898 2930 alienandae.

64 2938 190 3009 Curioni,
203 2940 235 2997 O.
248 2939 355 3010 Pisoni,
372 2939 419 2997 Μ’.
432 2938 588 3010 Glabrioni,
605 2935 652 2997 Μ’.
663 2940 780 3017 Lepide,
793 2939 823 2996 L.
832 2939 902 2998 Vol·

64 3020 147 3088 catio,
158 3019 189 3075 C.
199 3019 308 3095 Figulo,
321 3018 357 3076 D.
367 3019 472 3089 Silano,
485 3018 515 3075 L.
525 3019 668 3090 Murenae,
681 3021 730 3097 qui
744 3028 807 3077 tum
822 3024 902 3076 erant

64 3099 194 3156 consules
211 3099 368 3175 designati:
390 3099 497 3176 placuit
514 3099 591 3155 idem
609 3100 688 3176 qrrod
707 3099 912 3156 consularibus

64 3177 101 3235 M.
115 3178 235 3235 Catoni:
257 3179 305 3255 qui
331 3198 397 3236 cum
418 3178 599 3237 1111111111
618 3178 769 3236 excedens
784 3169 940 3247 1111111111
