1988 3480
100 129 147 176 162
236 126 307 176 PRO
323 126 353 176 Τ.
368 125 482 175 ANNIO
499 125 638 176 MILONE
655 126 798 177 ORATIO.

99 227 196 285 audire
207 233 349 303 coguntur
359 246 451 304 neque
462 227 544 284 aliter
557 228 649 286 facere
660 235 781 305 possunt
792 229 822 300 ii,
835 229 945 307 quibus

98 313 161 364 tota
177 307 329 364 commissa
345 313 388 363 cst
402 327 446 364 res
462 307 583 385 publica
626 307 804 377 Quinetiam
820 309 881 367 fuit
896 331 945 369 au-

98 385 221 443 diendus
237 405 314 463 popa
330 385 456 444 Licinius
472 388 568 444 nescio
586 389 636 464 qui
652 388 687 445 de
701 387 786 446 Circo
801 390 942 463 maximo,

99 485 194 523 servos
211 465 327 523 Milonis
347 467 425 543 apud
442 486 470 524 sc
491 467 585 524 ebrios
601 468 694 525 iactos
714 468 769 525 sibi
790 470 944 529 confessos

98 566 158 604 csse
187 546 222 604 de
250 545 447 603 interficiendo
475 546 616 624 Pompeio
644 548 814 620 coniurasse,
833 549 943 609 deinde

98 634 199 704 postea
219 646 248 684 se
265 626 361 703 gladio
375 646 539 703 percussum
561 647 620 684 csse
641 627 676 684 ab
696 647 754 685 uno
771 628 808 684 de
825 628 891 700 illis,
903 649 941 688 ne

98 707 244 764 indicaret.
287 705 427 783 Pompeio
442 707 472 763 in
486 706 586 763 hortos
599 708 750 779 nuntiavit,
763 727 891 765 arcessor
909 709 940 767 in

98 787 214 864 primis:
237 786 272 844 de
289 787 446 844 amicorum
464 787 681 844 sententiarum
698 788 791 845 defert
808 788 844 844 ad
859 807 942 847 sena·

98 875 168 923 tum.
205 866 271 923 Non
286 873 414 942 poteram
430 867 460 922 in
475 866 550 924 illius
563 867 620 923 mei
631 869 794 944 patriaeque
809 869 940 926 custodis

97 953 178 1002 tanta
200 946 358 1022 suspitione
378 965 438 1003 non
459 954 538 1003 metu
562 948 725 1018 exanimari,
741 947 791 1004 sed
811 947 940 1007 mirabar

98 1032 193 1082 tamen
215 1025 291 1081 credi
312 1044 413 1102 popae,
431 1026 641 1084 confessionem
666 1047 810 1085 servorum
833 1029 938 1101 audiri,

97 1104 199 1160 vulnus
220 1105 250 1160 in
271 1105 365 1176 latere,
381 1106 460 1182 quod
480 1126 532 1163 acu
552 1115 692 1182 punctum
713 1107 865 1178 videretur,
883 1129 940 1186 pro

97 1185 156 1241 ictu
183 1183 349 1262 gladiatoris
373 1185 495 1262 probari.
539 1192 584 1243 66.
601 1187 719 1258 Verum,
737 1193 770 1244 ut
794 1187 938 1266 intelligo,

97 1265 214 1322 cavebat
222 1265 314 1342 magis
322 1264 479 1342 Pompeius
490 1285 575 1342 quam
584 1266 712 1338 timebat,
720 1286 779 1324 non
788 1286 823 1324 ea
832 1268 938 1340 solum,

97 1365 169 1422 quae
185 1345 314 1402 timenda
328 1353 416 1417 eraut,
429 1346 479 1403 sed
497 1347 650 1416 omniane
664 1366 715 1404 vos
732 1347 841 1423 aliquid
854 1348 940 1406 time-

97 1425 171 1482 retis.
214 1424 390 1501 Oppugnata
410 1427 513 1483 domus
534 1425 565 1484 C.
582 1426 717 1499 Caesaris,
734 1427 883 1484 clarissimi
908 1435 939 1486 et

97 1504 248 1561 fortissimi
265 1505 326 1576 viri,
341 1525 393 1582 per
408 1506 513 1563 multas
529 1507 623 1563 noctis
639 1507 723 1564 horas
740 1506 937 1566 nuntiabatur.

97 1583 191 1641 Nemo
218 1585 346 1642 audierat
372 1593 431 1643 tam
459 1585 561 1643 celebri
588 1585 659 1657 loco,
680 1606 765 1644 nemo
793 1595 938 1646 senserat:

96 1671 193 1721 tamen
214 1664 388 1723 audiebatur.
431 1666 497 1723 Non
522 1672 653 1742 poteram
681 1666 733 1724 Cn.
752 1666 939 1742 Pompeium,

96 1745 339 1820 praestantissima
366 1745 470 1802 virtute
495 1746 595 1817 virum,
616 1746 752 1803 timidum
780 1745 938 1823 suspicari:

96 1823 274 1900 diligentiam
289 1831 352 1880 tota
368 1844 397 1881 re
414 1825 528 1901 publica
544 1833 675 1902 suscepta
690 1826 810 1883 nimiam
827 1825 938 1884 nullam

96 1903 241 1980 putabam.
284 1903 525 1980 Frequentissimo
547 1913 647 1962 senatu
663 1925 755 1982 nuper
770 1907 801 1963 in
818 1904 940 1982 Capito-

97 1982 136 2039 lio
153 1991 266 2040 senator
282 1983 414 2040 inventus
435 1992 478 2042 est
495 1985 545 2061 qui
562 1984 698 2042 Milonem
717 2005 782 2042 cum
797 1983 857 2042 ‚telo
875 2004 940 2044 esse

97 2063 210 2119 diceret.
247 2062 374 2121 Nudavit
385 2083 414 2121 sc
428 2065 458 2121 in
474 2065 653 2123 sanctissimo
667 2066 785 2142 templo,
798 2065 938 2142 quoniam

96 2143 156 2200 vita
169 2142 234 2199 talis
254 2150 283 2200 ct
304 2143 373 2200 civis
394 2151 422 2202 et
439 2145 492 2202 viri
512 2144 599 2201 fidem
620 2165 679 2201 non
699 2144 831 2215 faciebat,
846 2152 880 2202 ut
902 2165 939 2204 eo

96 2222 207 2280 tacente
222 2243 265 2280 ros
280 2224 342 2301 ipsa
351 2224 520 2301 loqueretur.
556 2225 654 2283 XXV.
685 2224 730 2282 67.
747 2221 854 2283 Omnia
863 2225 940 2284 falsa

97 2310 182 2379 atque
196 2303 331 2361 insidiose
345 2304 411 2362 ficta
425 2311 572 2382 comperta
585 2312 660 2372 sunt.
703 2304 778 2362 Cum
792 2311 899 2377 tamen,
912 2307 938 2364 si
976 2375 978 2380 η

97 2380 235 2440 metuitur
251 2384 337 2441 etiam
354 2404 429 2442 nunc
446 2385 525 2457 Milo,
538 2405 597 2442 non
614 2386 672 2443 iam
688 2385 744 2442 hoc
761 2384 938 2443 Clodianum

96 2464 203 2520 crimen
217 2463 360 2536 timemuS‚
371 2466 420 2522 sed
431 2472 503 2536 tuas,
515 2465 567 2522 Cn.
578 2465 771 2542 Pompei-te
786 2464 863 2522 enim
876 2465 938 2523 iam

96 2543 208 2619 appello
234 2550 262 2600 ct
283 2563 316 2600 ea
336 2564 413 2615 voce,
433 2552 466 2602 ut
490 2564 535 2602 me
560 2545 693 2602 exaudire
714 2545 938 2623 possis-tuas,

96 2630 168 2692 tuaS,
184 2623 310 2699 inquam,
327 2625 498 2700 suspitiones
522 2625 781 2701 perhorrescimus:
807 2625 831 2682 si
853 2623 941 2682 Milo-

96 2721 161 2758 nem
179 2703 272 2773 times,
285 2704 308 2759 si
325 2703 401 2760 hunc
418 2704 454 2760 dc
470 2711 520 2760 tua
536 2705 595 2760 vita
608 2706 717 2762 nefarie
734 2713 783 2763 aut
796 2724 873 2762 nunc
890 2723 940 2762 co·

96 2782 187 2856 gitare
201 2790 251 2839 aut
265 2783 397 2839 molitum
413 2783 565 2859 aliquando
577 2783 685 2861 aliquid
696 2791 788 2862 putas,
801 2785 824 2841 si
835 2784 940 2844 Italiae

96 2861 225 2932 dilectus,
238 2870 269 2918 ut
283 2881 342 2918 non
356 2861 426 2918 nulli
441 2863 647 2939 conquisitores
664 2865 708 2921 tui
722 2865 898 2936 dictitamnt,
911 2865 939 2923 si

96 2939 165 2998 hacc
179 2961 264 3010 arma,
277 2942 301 2997 si
315 2940 494 3017 Capitolinae
509 2942 647 3014 cohortes,
664 2945 689 3000 si
703 2945 845 3015 excubiae,
857 2945 882 3001 si
895 2945 942 3002 vi·

96 3021 189 3096 giliae,
200 3021 224 3077 si
238 3020 343 3077 dilecta
356 3021 495 3092 iuventus,
507 3041 577 3098 quae
588 3031 672 3080 tuum
687 3044 790 3101 corpus
805 3024 941 3082 domum-

97 3120 151 3176 que
176 3099 309 3169 custodit,
325 3106 425 3157 contra
445 3100 560 3159 Milonis
584 3103 725 3179 impetum
750 3110 858 3160 armata
882 3111 937 3176 est,

83 3186 175 3256 atque
189 3179 240 3238 illa
258 3180 357 3244 omnia
373 3181 406 3240 in
423 3180 502 3242 hunc
517 3203 611 3242 unum
627 3183 774 3250 instituta,
781 3184 946 3254 paratam-
