1988 3480
328 115 405 166 cxx.
423 84 565 178 vui-x,
582 114 596 176 e
612 119 700 167 19-25.
885 115 933 166 rar

95 215 204 276 iaesse
231 217 404 274 constitutus
428 233 463 274 ex
487 236 634 275 marmore.
677 217 720 275 At
744 217 779 275 iis
801 217 933 275 laudibus

99 303 171 357 „erte
187 316 246 353 non
263 296 355 353 solum
372 297 432 373 ipse
450 297 499 373 qui
516 297 655 369 laudatur,
668 298 717 354 scd
731 297 817 355 etiam
832 297 932 374 populi

61 402 69 413 ·
95 377 219 435 Romani
236 396 340 433 nomen
363 377 485 434 ornatur.
528 376 563 433 In
584 376 691 434 caelum
708 377 793 434 huius
810 396 931 454 proavus

96 455 168 513 Cato
185 455 311 513 tollitur:
334 469 455 532 magnus
473 457 565 512 honos
586 455 686 533 populi
703 456 826 513 Romani
848 457 932 514 rebus

96 536 269 612 adiungitur.
312 535 420 594 Omnes
442 536 565 612 denique
587 536 628 592 illi
651 535 778 606 Maximi,
797 536 930 608 Marcelli,

96 615 188 672 Fulvii
209 635 267 672 non
289 615 349 672 sine
374 615 520 672 communi
542 615 672 672 omnium
696 623 826 673 nostrum
848 616 932 673 laude

96 696 272 753 decorantur.
315 695 352 752 X.
371 695 448 771 Ergo
463 694 552 765 illum,
566 695 615 771 qui
632 695 701 752 haec
718 696 832 765 fecerat,
844 695 933 752 Rudi-

96 795 165 833 num
186 775 342 845 hominem,
357 769 479 831 maiores
499 775 590 832 nostri
606 775 636 831 in
658 775 803 832 civitatem
823 795 933 852 recepe—

96 864 180 913 runt:
203 875 255 912 nos
269 854 345 912 hune
359 854 580 925 Heracliensem,
593 854 691 912 multis
708 855 871 912 civitatibus
887 876 933 913 ex·

96 936 227 1011 petitum,
238 935 268 991 in
278 935 331 992 hae
345 943 440 992 autem
451 933 562 1012 legibus
577 935 774 1007 constitutum,
786 936 821 993 de
836 944 933 993 nostra

96 1015 210 1072 civitate
224 1015 386 1072 eiiciemusl
640 1059 643 1064 .

136 1101 182 1151 23.
199 1094 272 1150 Nam
291 1095 314 1150 si
336 1094 400 1170 quis
420 1090 561 1153 minorem
582 1094 688 1172 gloriae
705 1096 831 1152 fructum
850 1103 933 1173 putat

95 1195 129 1232 ex
146 1174 261 1232 Graecis
283 1173 409 1231 versibus
430 1175 539 1252 percipi
561 1195 646 1252 quam
668 1195 702 1232 ex
719 1175 836 1245 Latinis,
852 1175 933 1232 vebo

95 1263 206 1312 menter
216 1262 298 1324 errat,
310 1260 461 1330 propterea
476 1255 554 1330 quod
565 1255 672 1311 Graeca
686 1254 820 1330 leguntur
834 1256 863 1311 in
875 1274 935 1310 om·—

95 1334 179 1390 nibus
194 1335 253 1391 fero
267 1333 409 1410 gentibue,
423 1333 524 1391 Latina
538 1335 595 1390 suis
609 1334 721 1403 finibus,
734 1334 844 1409 exiguis
858 1353 932 1404 sane,

96 1414 286 1470 eontinentur.
326 1412 432 1481 Quare
448 1414 472 1470 si
486 1433 529 1470 res
544 1433 601 1484 eae,
614 1433 683 1489 quas
697 1414 844 1489 gessimus,
858 1413 935 1470 orbis

96 1501 186 1550 terrae
208 1492 373 1568 regionibus
394 1493 576 1563 definiuntur,
593 1512 695 1568 cupere
716 1493 860 1564 debemus,
877 1512 934 1570 quo

96 1591 234 1628 manuum
252 1580 413 1629 nostrarum
427 1572 484 1629 tela
496 1573 683 1648 pervenerint,
699 1573 800 1629 eodem
814 1573 934 1650 gloriam

97 1653 262 1727 famamque
276 1659 431 1728 penetrare,
443 1652 520 1728 quod
532 1671 596 1708 oum
608 1652 677 1728 ipsis
688 1652 810 1729 populis,
821 1653 856 1710 de
868 1672 935 1728 quo-

98 1751 161 1788 rum
179 1731 263 1788 rebus
280 1731 419 1801 scribitur,
432 1731 501 1788 haec
522 1731 617 1808 ampla
633 1739 781 1820 sunt,·tum
799 1733 834 1788 iis
851 1741 934 1802 certe,

99 1811 149 1888 qui
163 1811 199 1868 de
213 1812 272 1868 vita
288 1811 394 1888 gloriae
409 1831 493 1869 eausa
506 1811 652 1882 dimicant,
664 1811 719 1868 hoo
735 1813 893 1869 maximum
907 1821 936 1869 et

98 1892 289 1968 periculorum
301 1892 517 1948 incitamentum
529 1898 572 1948 est
582 1899 611 1948 et
621 1891 758 1949 laborum.
786 1897 831 1949 24.
842 1891 936 1960 Quam

98 1972 205 2029 multos
219 1973 369 2048 scriptores
383 1991 476 2028 rerum
491 1990 605 2027 suarum
619 1991 740 2047 magnus
754 1971 801 2029 ille
815 1972 936 2029 Alexan·

99 2052 149 2109 der
163 2072 258 2109 secum
270 2051 400 2108 habuisse
412 2052 533 2109 dieitur!
568 2052 665 2128 Atque
676 2052 700 2108 is
711 2059 816 2123 tamen,
826 2072 891 2108 cum
906 2053 935 2108 in

95 2131 185 2208 'Sigeo
207 2132 244 2189 ad
258 2131 379 2188 Achillis
396 2132 540 2189 tumulum
558 2132 710 2189 astitisset:
739 2132 762 2188 O
774 2132 935 2205 fortunate,

99 2211 202 2288 inquit,
218 2213 382 2282 adolescens,
398 2214 449 2285 qui
468 2219 532 2268 tuoe
548 2212 665 2268 virtutis
681 2212 842 2268 Homerum
854 2231 936 2284 prae

100 2311 192 2347 eonem
209 2290 368 2348 inveneris!
408 2292 446 2349 Et
463 2311 534 2349 vere.
578 2291 653 2348 Nam
671 2292 726 2348 nisi
744 2291 810 2348 Uias
827 2291 875 2348 illa
892 2311 937 2348 ex-

101 2371 227 2441 stitisset,
244 2370 319 2427 idem
341 2371 476 2442 tumulus,
493 2371 542 2448 qui
559 2391 661 2447 eorpus
683 2372 743 2428 eius
764 2379 936 2440 contexerat,

101 2469 206 2507 numen
223 2450 310 2506 etiam
328 2450 474 2508 obruisset.
517 2450 612 2519 Quidl
633 2456 729 2507 noster
742 2450 789 2506 hio
806 2449 935 2525 Magnus,

102 2530 151 2606 qui
172 2549 237 2586 cum
254 2530 358 2587 virtute
375 2531 520 2587 fortunam
542 2530 719 2606 adaequavit,
735 2549 830 2586 nonne
847 2529 938 2586 Theo-

101 2609 225 2686 phanem
243 2608 456 2685 Mitylenaeum,
473 2610 639 2686 scriptorem
656 2629 749 2666 rerum
772 2628 894 2679 suarum,
907 2610 937 2665 in

102 2689 236 2745 contione
248 2690 372 2746 militum
386 2689 501 2746 civitate
515 2690 640 2759 donavit,
651 2695 680 2745 et
690 2688 780 2745 nostri
795 2689 836 2744 illi
847 2689 938 2746 fortes

102 2769 164 2839 viri,
177 2768 227 2824 sed
243 2769 341 2826 rustici
357 2789 389 2826 ae
406 2768 513 2825 milites
527 2768 676 2826 dulcedine
691 2768 813 2844 quadam
830 2768 937 2845 gloriae

103 2849 249 2919 commoti,
268 2849 348 2925 quasi
378 2848 531 2926 participes
561 2848 688 2905 eiusdem
714 2847 937 2924 laudis,1nagno

102 2927 174 2985 illud
190 2927 312 2985 clamore
332 2928 577 3005 approbaverunt?
619 2934 665 2985 25.
681 2927 789 3004 Itaque,
805 2928 897 2998 credo,
914 2928 937 2984 si

103 3008 173 3064 civis
189 3007 336 3064 Romanus
351 3007 473 3065 Archias
490 3007 600 3084 legibus
616 3027 675 3064 non
692 3016 773 3079 esset,
788 3016 821 3065 ut
837 3007 872 3064 ab
890 3007 931 3064 ali·

104 3106 161 3164 quo
176 3087 346 3164 imperatore
363 3088 477 3144 civitate
494 3088 654 3159 donaretur,
670 3087 802 3164 perficere
816 3106 880 3142 nou
889 3106 944 3155 ns-

102 3168 166 3224 tuit.
209 3167 287 3227 Sulla
308 3187 372 3224 cum
391 3167 541 3246 Hispanos
557 3168 685 3226 donaret
699 3173 734 3221 et
745 3156 974 3222 bamam&
