1988 3480
76 107 109 153 24
188 105 237 153 DE
255 105 408 155 IMPERIO
425 105 479 155 CN.
494 106 643 155 I’OIlIPlill
661 104 804 157 ORATIO.

77 207 129 262 sari
146 213 275 262 nostmm
288 206 496 283 imperatorem,
507 215 538 265 ut
550 207 620 263 nihil
632 207 710 265 aliud
720 206 775 265 nisi
786 207 822 265 de
833 208 920 267 hestc

77 306 108 340 ar·
126 286 161 341 de.
180 285 262 341 laude
283 287 399 362 cogitet.
441 287 554 344 Deinde
571 288 657 344 etiam
676 287 762 365 siqui
782 294 850 345 sunt
866 309 920 366 pu-

77 365 144 420 dore
168 385 199 420 ac
220 372 410 442 temperantia
433 367 645 437 moderatiores,
664 375 761 426 tamen
783 387 833 425 eos
856 389 919 427 esse

77 445 146 500 tales
177 453 294 522 propter
321 447 535 504 rirultitudinem
566 448 736 524 cupidorum
763 448 917 506 hominnm

77 544 160 580 uerno
184 525 343 583 arbitratur.
388 532 433 584 65.
456 526 579 584 Difficile
604 535 647 584 est
673 528 761 599 dictu,
780 527 916 601 Quirites,

77 613 184 680 <premio
202 606 230 662 in
249 607 317 664 odio
332 607 420 664 simus
436 607 514 684 apud
528 614 636 665 exteras
653 607 784 665 nationes
797 616 918 685 prepter

76 704 183 753 eornm,
195 706 266 762 epiros
280 687 316 743 ad
331 707 378 743 eas
392 707 443 764 per
452 687 506 744 hos
520 706 609 744 annos
624 707 689 744 eum
704 687 825 764 imperio
839 688 918 746 misi-

76 784 147 831 mus,
160 765 294 822 libidines
311 774 339 823 et
357 767 480 824 iniurias,
524 767 608 835 Quod
626 768 703 824 enirn
720 768 820 824 fanum
834 776 918 844 puta·

76 845 113 901 tis
138 846 166 900 io
189 846 244 902 illis
269 846 351 903 terris
372 847 476 903 nostris
501 847 715 923 magistratibus
740 847 915 924 religiosum,

76 944 160 1000 quam
177 926 321 982 civitatem
337 934 472 997 sanctam,
483 946 568 1003 quam
580 927 699 984 demum
711 927 781 984 satis
791 927 916 985 clausam

75 1024 107 1060 ac
122 1005 261 1061 umnitam
274 1005 383 1063 fuisset
403 1005 487 1064 urbes
501 1007 556 1063 iam
570 1007 725 1084 locupletes
740 1015 768 1065 et
783 1008 916 1084 copiosae

76 1085 263 1160 requiruntur,
275 1086 379 1163 quibus
393 1107 476 1144 causa
489 1086 556 1145 belli
571 1095 687 1164 propter
702 1088 856 1165 diripiendi
869 1107 917 1145 cu-

75 1164 226 1241 piditatem
245 1166 391 1225 inferatur.
435 1174 480 1226 66.
499 1168 634 1225 Libenter
650 1167 720 1225 haee
737 1188 831 1224 ceram
849 1187 915 1225 cum

75 1245 108 1313 Q.
120 1245 222 1303 Catulo
234 1253 263 1304 et
277 1245 311 1316 Q.
322 1247 486 1319 Hortensia,
498 1249 617 1305 summis
628 1255 657 1306 et
666 1248 827 1305 clarissimis
837 1248 914 1320 viris,

75 1325 250 1403 disputarem
262 1346 268 1385 τ
291 1336 431 1387 noverunt
442 1329 518 1386 enim
530 1331 672 1387 sociorum
683 1328 806 1399 vulnera,
816 1328 916 1385 vident

75 1426 173 1463 eorum
189 1407 371 1480 calamitates
384 1410 576 1487 querimonias
591 1410 720 1467 audiunt.
758 1409 816 1466 Pro
831 1409 915 1464 sociis

75 1506 126 1542 vos
147 1496 246 1544 erintra
262 1488 359 1547 hostes
379 1491 534 1550 exercitum
555 1491 669 1548 mittere
686 1489 794 1567 putatis
813 1507 847 1544 an
866 1488 916 1543 ho-

75 1568 162 1624 stium
177 1568 358 1628 simulatione
369 1581 468 1631 contra
479 1572 571 1631 socies
582 1578 666 1647 atque
681 1570 805 1626 amicost
836 1567 914 1635 Quae

74 1648 174 1706 civitas
192 1658 234 1708 est
253 1651 282 1707 in
300 1651 371 1710 Asia
388 1674 459 1731 quac
480 1673 539 1710 non
559 1651 647 1706 medo
664 1648 843 1733 imperatoris
857 1654 913 1733 ¹aut

74 1727 169 1805 legati,
186 1732 235 1788 sed
252 1733 336 1789 nnius
353 1734 460 1790 tribuni
478 1731 601 1788 militum
620 1724 729 1778 animos
746 1740 777 1774 ae
795 1729 911 1793 spiritus

74 1827 174 1886 capere
189 1812 299 1886 possitl
699 1873 705 1886 ,
777 1875 783 1886 ¹
887 1877 893 1889 ·

115 1890 228 1947 XXIII.
248 1889 311 1958 Qua
325 1907 362 1957 re,
375 1887 460 1943 etiam
475 1883 596 1955 siquem
611 1872 722 1932 habetis
737 1893 785 1952 qur
800 1875 910 1934 cellatis

74 1969 163 2046 signis
186 1970 326 2027 exercitus
347 1965 440 2040 regios
463 1974 592 2035 superare
613 1975 696 2031 posse
717 1956 855 2029 videatur,
871 1965 911 2015 ta-

73 2068 139 2106 men
157 2050 211 2105 nisi
229 2048 283 2104 erit
300 2046 385 2112 idem,
398 2041 446 2118 qui
464 2058 493 2095 se
513 2037 672 2112 apeeuniis
693 2038 844 2110 sociorum,
861 2040 910 2116 qui

73 2128 109 2184 ab
131 2147 228 2185 eorum
250 2121 418 2198 coniugibus
439 2138 470 2175 ae
489 2116 592 2187 liberis,
609 2117 657 2194 qui
679 2118 714 2175 ab
736 2121 910 2177 ornamentis

73 2208 204 2263 fanorum
217 2212 302 2279 atquc
313 2200 494 2276 oppidorum,
505 2197 554 2275 qui
569 2197 604 2254 ab
615 2218 683 2255 auro
697 2219 822 2276 gazaque
833 2201 911 2276 regia

72 2304 181 2354 manns,
192 2282 297 2350 oculos
310 2281 437 2336 animum
453 2279 584 2336 cohibere
599 2279 697 2355 possit,
710 2299 768 2335 non
784 2281 837 2337 erit
851 2281 911 2337 ido-

72 2384 142 2420 neus
160 2363 208 2439 qui
225 2361 262 2417 ad
276 2359 384 2416 bellum
401 2359 560 2416 Asiaticum
582 2359 748 2435 regiumque
769 2361 907 2418 mittatur.

73 2445 119 2500 67.
138 2444 265 2520 Ecquam
283 2439 391 2517 putatis
412 2440 556 2497 civitatem
577 2446 706 2516 pacatam
728 2440 816 2495 fuisse
838 2461 909 2516 quae

72 2523 198 2601 locuples
216 2522 270 2579 siti
291 2539 410 2597 ecquam
428 2539 487 2577 esse
503 2520 675 2596 locupletem
696 2537 767 2593 quae
784 2518 846 2573 istis
862 2540 909 2594 pa-

72 2613 135 2661 cata
166 2623 225 2661 esse
252 2600 400 2658 videatur?
441 2600 499 2658 Ora
527 2600 679 2665 maritima,
703 2597 834 2666 Quirites,
856 2599 907 2656 On.

72 2684 244 2761 Pompeium
262 2700 320 2738 non
338 2680 430 2737 solum
444 2687 562 2756 prepter·
578 2680 617 2736 rei
635 2677 766 2734 militaris
779 2676 907 2753 gloriam,

73 2765 122 2821 sed
150 2764 235 2821 ctiam
263 2768 381 2838 propter·
408 2760 497 2817 animi
525 2759 731 2815 continentiam
753 2757 906 2833 requisivit.

72 2843 199 2901 Videbat
214 2842 290 2899 enim
304 2847 448 2918 praetores
462 2839 629 2915 locupletari
645 2838 811 2914 quotannis
827 2858 909 2914 pecu-

72 2925 120 2981 nia
130 2925 244 3001 pnblica
254 2929 365 2999 praeter
376 2939 490 2997 paucos
503 2938 594 2994 neque
605 2938 653 2974 eos
665 2918 822 2994 quidquam
833 2917 909 2974 aliud

72 3005 190 3082 adsequi
202 3003 330 3061 classium
343 3001 459 3058 nomine
471 2999 524 3054 nisi
539 3006 572 3054 ut
583 2999 761 3055 detrimentis
773 2997 909 3072 accipien-

72 3083 117 3139 dis
134 3087 240 3142 maiore
258 3081 341 3140 adfici
356 3078 535 3156 turpitudine
552 3079 718 3135 videremur.
754 3078 838 3133 Nunc
856 3095 910 3151 qua

72 3164 230 3231 cupiditate
247 3162 377 3219 homines
395 3162 424 3216 in
442 3159 602 3231 provincias
620 3164 648 3214 et
666 3158 770 3229 quilius
786 3156 913 3218 iacturis,
