1988 3480
285 170 288 175 ,
362 123 439 172 car.
457 122 584 183 rv.-v1.,
601 121 615 181 5
630 123 705 171 9-14.
909 126 955 172 ias

117 223 190 281 latus
204 229 247 280 est
258 222 315 280 aL.
325 222 442 280 Lucullo
457 242 509 299 pro
524 223 646 280 consule.
682 222 734 281 VI.
753 221 862 291 Quaere
876 243 956 299 argu

116 311 221 374 menta,
234 304 258 360 si
272 322 344 380 quae
357 310 456 380 potes
476 322 632 379 numquam
647 303 724 360 enim
737 302 784 360 hic
798 322 911 394 nequo
904 324 956 361 suo

116 403 208 461 neque
222 383 379 440 amicornm
393 382 500 439 indicio
514 383 680 441 revincetur

158 469 204 520 12
227 461 350 530 Quaeres
371 481 388 518 a
407 461 499 532 nobis,
516 460 605 532 Grati,
624 482 673 519 cur
693 469 774 519 tanto
796 482 880 539 opere
901 463 957 520 hoc

101 542 234 622 homine
253 542 433 599 delectemur.
476 540 550 609 Quia
570 542 735 633 suppeditat
756 542 839 599 nobis
860 542 909 599 ubi
928 549 957 600 et

101 589 229 679 animus
251 641 286 678 cx
305 621 362 678 hoc
383 621 540 678 forensist
514 621 636 697 strepitu
659 620 801 679 reficiatur
824 628 853 679 et
877 642 957 679 aures

30 695 33 700 ’
117 701 214 758 convit
215 702 244 758 io
202 701 382 758 tdefessae
396 700 606 777 conquiescant.
641 700 690 757 An
701 708 734 758 tu
748 701 894 758 existimas
908 709 958 759 aut

117 789 267 857 suppetere
284 780 368 837 nobis
382 799 465 857 posse
480 780 558 856 quod
572 780 677 838 cotidie
692 781 841 837 dicamus
833 800 864 837 m
878 788 959 838 tanta

117 861 252 918 varietate
266 879 369 932 rerum,
381 861 436 917 nisi
450 861 561 917 animos
578 867 691 917 nostros
705 861 835 918 doctrina
851 861 959 918 excola-

84 986 86 989 .
117 959 189 1011 mus,
205 948 254 997 aut
275 941 348 998 ferre
369 941 480 998 animos
501 947 611 997 tantam
629 960 712 1016 posse
733 941 956 1013 contentionem,

117 1020 173 1076 nisi
187 1040 236 1077 eos
250 1019 379 1078 doctrina
393 1020 492 1078 eadem
506 1020 680 1078 relaxemus?
714 1020 777 1097 Ego
788 1040 854 1078 vero
865 1021 959 1078 fateor

117 1119 163 1156 me
180 1099 225 1156 his
244 1101 346 1158 studiis
365 1120 425 1158 esse
442 1100 588 1157 deditum:
611 1107 719 1157 ceteros
737 1100 852 1176 pudeat,
867 1101 891 1157 si
909 1101 958 1178 qni

118 1199 148 1236 se
158 1180 199 1237 ita
208 1179 311 1238 litteris
324 1180 504 1251 abdiderunt,
514 1187 547 1236 nt
557 1179 629 1236 nihil
640 1181 752 1257 possint
763 1200 797 1237 ex
808 1180 853 1236 his
866 1200 958 1257 neque

118 1259 155 1316 ad
173 1279 356 1317 communem
374 1261 485 1317 adsone
504 1260 631 1317 fructum
650 1279 741 1336 neque
760 1260 790 1316 in
812 1268 958 1336 aspectum

118 1339 267 1416 lucemque
285 1340 429 1416 proferre:
452 1359 498 1396 me
517 1346 613 1396 autem
631 1340 701 1416 qnid
716 1339 831 1416 pudeat,
849 1340 898 1416 qui
914 1346 959 1397 tot

119 1438 208 1478 annos
222 1420 263 1476 ita
273 1420 347 1490 vivo,
358 1419 472 1489 indicae,
483 1426 516 1476 ut
529 1438 546 1475 a
560 1418 664 1475 nullius
678 1438 814 1495 umquam
829 1438 875 1476 me
889 1426 960 1476 tem-

119 1518 188 1574 pore
205 1506 255 1556 aut
269 1499 422 1556 commodo
439 1505 489 1555 ant
505 1499 596 1555 otium
613 1517 710 1556 meum
727 1499 894 1556 abstraxerit
910 1506 960 1556 aut

120 1579 251 1654 voluptas
279 1579 403 1635 avocarit
427 1585 476 1635 aut
500 1577 623 1654 deniqne
650 1597 767 1634 somnus
794 1579 960 1636 retardarit?

122 1664 167 1715 13.
191 1656 303 1725 Quare
325 1659 388 1734 quis
409 1657 525 1714 tandem
548 1676 594 1714 me
616 1657 804 1734 reprehendat
826 1666 875 1715 aut
897 1659 960 1735 quis

120 1737 193 1794 mihi
207 1739 266 1794 iure
284 1745 452 1808 suscenseat,
465 1738 497 1807 si,
510 1744 648 1813 quantum
665 1738 765 1794 ceteris
782 1738 819 1794 ad
836 1758 900 1794 snas
916 1758 960 1795 res

121 1817 275 1888 obeundas,
298 1824 437 1895 qnantum
464 1817 501 1874 ad
527 1817 617 1874 festos
644 1818 705 1875 dies
731 1817 864 1875 ludorum
892 1818 960 1875 cele

120 1896 252 1968 brandos,
271 1904 409 1974 quantum
430 1898 467 1954 ad
488 1897 556 1954 alias
576 1897 737 1974 voluptates
761 1905 790 1955 et
810 1898 847 1954 ad
867 1898 959 1974 ipsam

121 1978 246 2055 requiem
274 1978 363 2034 animi
387 1983 416 2034 et
443 1977 570 2054 corporis
598 1977 763 2034 conceditur
786 1984 958 2054 temporum,

121 2065 259 2134 quantum
273 2058 322 2114 alii
332 2056 463 2114 tribuunt
473 2057 650 2134 tempestivis
664 2057 810 2128 conviviis,
821 2063 960 2134 qnantum

121 2137 243 2214 denique
256 2136 374 2208 alveolo,
385 2143 524 2213 quantum
538 2137 620 2212 pilae,
632 2143 745 2194 tantum
759 2138 832 2194 mihi
846 2144 961 2214 egomet

121 2216 158 2272 ad
181 2217 249 2274 haec
278 2217 373 2274 studia
399 2216 549 2273 recolenda
576 2217 741 2293 sumpserol
781 2216 878 2294 Atque
905 2217 961 2274 hoc

121 2296 192 2352 adeo
209 2296 283 2352 mihi
299 2295 513 2353 concedendum
530 2304 573 2352 est
586 2297 686 2372 magis,
700 2296 777 2372 qnod
794 2316 828 2353 ex
842 2297 887 2353 his
904 2303 961 2353 stn-

121 2375 176 2432 diis
187 2375 256 2431 haec
268 2394 381 2450 quoque
396 2375 495 2432 crescit
508 2376 599 2432 oratio
614 2384 642 2432 et
653 2376 781 2446 facultas,
793 2395 863 2452 quae
876 2396 962 2452 qnan-

121 2462 273 2530 tacumqne
292 2455 322 2510 in
342 2473 389 2511 me
410 2461 460 2525 est,
476 2474 632 2531 numquam
654 2455 810 2511 amicorum
829 2456 962 2531 periculis

122 2533 223 2590 defuit.
260 2532 338 2601 Quae
353 2535 376 2590 si
391 2534 437 2591 cui
450 2535 539 2591 levior
552 2535 672 2604 videtur,
684 2534 732 2590 illa
747 2535 862 2610 quidem
877 2542 960 2604 certe,

123 2633 194 2689 quac
209 2632 320 2670 summa
333 2620 408 2684 sunt,
418 2633 453 2670 ex
467 2633 524 2690 quo
539 2614 621 2670 fonte
634 2613 762 2670 hauriam
777 2614 876 2671 sentio.
915 2619 959 2670 14.

123 2691 198 2751 Nam
209 2693 264 2749 nisi
274 2692 430 2750 multorum
440 2693 599 2771 praeceptis
613 2693 766 2768 multisque
777 2692 878 2750 litteris
889 2693 962 2750 mihi

122 2772 158 2830 ab
178 2771 368 2830 adolescentia
388 2773 537 2830 suasissem
558 2772 629 2828 nihil
649 2792 708 2829 esse
727 2772 757 2828 in
777 2774 836 2830 vita
855 2792 961 2849 magno

123 2871 209 2929 opere
226 2852 416 2928 expetendum
434 2852 489 2909 nisi
503 2851 616 2909 laudem
633 2859 717 2928 atque
731 2851 918 2923 honestatem,
931 2853 961 2908 in

123 2952 157 2989 ea
170 2940 266 2988 antem
280 2932 475 3009 persequenda
488 2951 588 2988 omnes
602 2932 741 2988 cruciatus
755 2932 889 3008 corporis,
903 2952 962 2988 om-

123 3013 172 3070 nia
185 3012 310 3089 pericula
325 3011 427 3070 mortis
443 3018 529 3088 atque
546 3011 636 3068 exsilii
650 3012 730 3087 parvi
747 3030 806 3068 esse
823 3011 960 3082 ducenda,

123 3111 280 3230 numquam
295 3111 340 3149 me
354 3111 407 3168 pro
421 3090 511 3148 salute
524 3097 586 3148 vest
587 3110 617 3148 ra
627 3092 657 3146 in
667 3097 713 3148 tot
727 3111 761 3147 ec
772 3097 875 3146 tentes
885 3091 976 3142 dm'x*

124 3172 250 3237 cationes
268 3178 353 3251 atque
372 3172 403 3232 in
419 3170 475 3232 hos
492 3170 726 3253 prohigatornm
733 3169 910 3226 hommum
926 3157 983 3210 est.
