1988 3480
94 128 126 173 nt
294 124 362 171 l'ilt)
381 122 408 170 l..
428 118 744 171 truthmuotehem.

97 232 235 282 tranans!
279 224 341 280 llot·
360 224 448 295 igitur
462 223 490 279 in
507 221 580 279 hello
598 220 628 279 lt
642 220 810 293 hlurenmn,
824 222 953 303 legatum

98 304 244 360 tortissimi
261 304 357 367 arthei,
370 303 474 360 aurumi
489 300 609 363 (nuntii.
622 300 744 359 rnaxirni
760 302 878 361 laboris
891 324 954 381 eog-

98 386 189 441 nitnm
215 406 274 439 esse
297 383 487 441 ‹leh-mlinms.
508 391 534 438 et
560 380 632 437 laum
655 380 719 437 eius
742 400 872 459 operam
896 404 952 443 nen

98 465 193 520 rninns
211 464 246 520 ael
264 463 443 519 (hirudinum
461 460 678 537 :ulipiseemhnn
717 480 788 519 uam
807 462 889 523 hane
906 484 953 523 no·

96 553 184 602 stram
200 545 341 600 forensem
359 542 526 599 imlnstriam
542 538 693 613 ‹lumitatis
747 540 861 602 buisse.

139 624 234 683 xt'll.
279 631 323 679 35.
350 622 386 678 ,n
403 622 479 678 enim
496 621 524 676 in
540 630 687 696 pressurae
704 621 857 697 petitione
875 624 952 701 prior

98 706 275 762 remmtiatus
290 713 330 759 est
344 702 464 758 Servius.
502 699 663 773 l‘ergitisne
677 719 729 757 vos
743 707 904 779 tamquam
918 722 950 761 es

97 783 261 861 sungrapha
277 802 359 855 :egere
377 801 441 837 enm
459 780 575 857 populo.
588 788 621 836 ut
635 798 720 855 quem
738 778 843 839 loenm
863 782 950 841 semel

99 850 215 920 lionoris
232 863 354 939 enipimn
370 861 489 923 dederit.
501 860 634 917 emmlem
652 858 770 937 reliquis
785 860 951 921 honoribus

97 944 217 999 ‹lale-at!
265 942 349 1009 Qnml
377 942 453 998 enim
482 941 597 1009 fretum,
618 958 704 1016 quem
729 939 881 1019 Euripum
906 950 951 1001 tot

99 1034 202 1089 motus,
218 1030 319 1083 tantas.
335 1032 393 1078 tam
412 1019 622 1077 rariushabere
641 1019 750 1096 putatis
768 1020 951 1097 agitationes

98 1102 392 1178 e(›nnnutatiomsqne
409 1100 557 1167 thutrnnn,
573 1106 694 1176 (plantas
710 1100 950 1175 perturbationes

99 1192 127 1239 et
142 1193 263 1261 qnantos
277 1193 370 1238 aestus
384 1180 471 1237 trahet
486 1180 557 1237 ratio
572 1179 774 1237 comitiorumt
817 1180 894 1239 Dies
908 1182 950 1239 in-

99 1263 244 1319 termissus
261 1272 308 1318 emt
325 1281 381 1317 nox
397 1260 565 1337 intensosita
581 1278 664 1335 saepe
678 1258 832 1336 perturbat
846 1262 950 1320 omnis

99 1352 233 1399 ettotam
251 1342 417 1417 opiniomm
432 1360 519 1416 parva
534 1359 593 1396 non
608 1358 765 1415 numquam
779 1348 949 1401 commutat

99 1443 166 1478 aura
181 1422 308 1478 rmnoris.
347 1422 436 1496 Saepe
452 1421 538 1477 etiam
552 1420 613 1476 sine
627 1418 684 1475 ulla
697 1426 796 1495 aperta
810 1438 901 1479 eausa
914 1420 949 1481 fit

99 1502 176 1557 aliud
191 1510 276 1577 atque
293 1500 516 1563 existimatisne
531 1520 588 1556 non
603 1518 760 1576 numquam
775 1499 818 1557 ita
831 1500 948 1559 factum

99 1602 159 1639 esse
180 1582 265 1639 etiam
288 1580 411 1657 populns
432 1580 595 1650 admiretur,
612 1579 691 1656 qnasi
710 1598 777 1636 vero
797 1597 861 1637 non
882 1580 948 1658 ipse

101 1662 206 1719 feeerit.
250 1668 295 1717 36.
320 1660 399 1716 Nihil
415 1667 457 1716 est
471 1660 606 1717 incertius
620 1659 714 1735 vulgo,
727 1658 800 1715 nihil
817 1659 950 1719 obscuri-

101 1762 132 1797 us
155 1742 301 1798 voluntate
323 1740 482 1809 hominum,
501 1739 573 1795 nihil
594 1739 723 1796 fallacius
745 1738 859 1799 ratione
881 1748 949 1801 tota

99 1822 290 1877 seruitiorum.
337 1817 407 1886 Quis
432 1818 462 1875 L.
481 1819 650 1896 Philippum
675 1838 788 1876 summo
813 1818 947 1897 ingenio,

100 1919 193 1976 opera,
204 1899 302 1971 gratia
313 1898 470 1969 nobilitate,
481 1919 498 1955 a
511 1899 549 1956 M.
560 1898 706 1955 llerennio
720 1899 848 1976 superari
858 1920 949 1978 posse

99 1979 251 2035 arbitratus
268 1978 329 2033 estl
351 1978 414 2053 quis
431 1978 464 2046 Q.
477 1979 620 2049 Catulum,
632 1978 820 2050 humanitate,
832 1981 950 2059 sspien-

99 2059 147 2125 tia,
161 2057 324 2131 integritate
342 2058 565 2130 antecellentem,
577 2080 595 2117 a
608 2059 659 2117 Cn.
671 2059 798 2117 Manlio?
820 2062 887 2138 quis
903 2062 946 2121 M.

100 2140 246 2206 Scaurum,
267 2136 414 2193 hominem
439 2140 647 2214 gravissinmm,
667 2141 759 2198 civem
783 2142 946 2218 egregium,

100 2216 288 2274 fortissimum
311 2226 477 2289 seruatorem,
493 2239 511 2276 a
528 2218 562 2288 Q„
579 2219 724 2277 Maximol
764 2220 831 2277 Non
852 2222 947 2279 modo

101 2298 203 2354 horum
220 2297 292 2353 nihil
309 2298 350 2355 ita
365 2299 427 2356 fore
444 2307 578 2376 putatum
595 2307 646 2370 est,
662 2300 712 2357 sed
728 2319 764 2357 ne
782 2318 849 2357 eum
868 2308 947 2359 esset

100 2379 209 2435 tastum
228 2378 343 2455 quidem
362 2399 418 2456 qua
433 2399 463 2436 re
480 2379 521 2435 ita
537 2378 648 2435 factum
665 2387 738 2437 esset
752 2379 877 2457 intelligi
893 2400 943 2458 po·

101 2459 164 2516 tuit..
207 2458 283 2516 Nam
301 2466 334 2516 ut
351 2464 536 2537 tempestates
555 2476 638 2534 saepe
658 2466 734 2517 certo
756 2459 852 2537 aliquo
871 2460 945 2519 eaeli

101 2540 184 2615 sigmo
203 2547 428 2608 commoventur,
444 2555 528 2612 saepe
545 2536 701 2613 improviso
720 2540 798 2597 nulla
814 2559 849 2597 ex
865 2546 945 2598 eerta

102 2620 220 2688 ratione,
231 2619 351 2676 obseura
364 2618 460 2694 aliqua
473 2636 507 2674 ex
522 2635 606 2673 eausa
620 2619 786 2689 excitantur,
796 2620 836 2677 sie
847 2620 877 2677 in
889 2618 945 2677 hae

101 2698 282 2755 eomitiomm
298 2704 469 2775 tempestate
486 2696 616 2772 populari
631 2718 713 2774 saepe
728 2700 870 2776 intelligas
884 2717 945 2775 quo

102 2777 184 2849 signo
202 2785 348 2834 eonnnota
361 2778 406 2847 sit,
419 2796 503 2853 saepe
517 2776 558 2832 ite
571 2776 691 2834 obseura
707 2786 757 2849 est,
770 2787 803 2836 ut
816 2798 883 2837 easu
896 2798 945 2836 ex·

101 2857 189 2913 eitata
203 2876 262 2912 esse
276 2857 413 2914 videatur.
452 2855 565 2914 XVIII.
605 2862 651 2914 37.
672 2856 728 2915 Sed
743 2868 847 2928 tamen,
861 2859 885 2915 si
899 2867 945 2918 est

101 2935 248 2993 reddenda
264 2937 345 3007 ratio,
358 2937 431 2993 duae
447 2954 491 2992 res
508 2935 690 2993 vehementer
707 2938 735 2993 in
751 2945 883 3013 praetura
896 2938 945 2997 de-

101 3016 240 3073 sideratae
265 3023 339 3085 sunt,
360 3034 432 3093 quae
456 3015 556 3073 ambae
579 3015 608 3072 in
634 3017 783 3073 consulatu
807 3018 943 3076 Murenae

102 3096 289 3172 profuerunt:
313 3114 378 3165 una,
399 3096 572 3171 exspectatio
596 3097 732 3165 muneris,
752 3115 826 3170 quae
849 3104 880 3150 et
898 3117 943 3150 m·

102 3194 181 3234 more
194 3193 252 3233 non
267 3173 347 3233 nullo
361 3180 390 3235 et
403 3174 508 3236 studiis
524 3176 770 3249 sermonibusque
786 3170 964 3239 oonmet'xto-
