1988 3480
366 106 654 170 car.1.‚11.‚§1a
758 123 760 127 ⁴
886 113 932 159 lla

133 211 154 268 I.
199 217 223 268 1.
247 210 278 267 si
304 210 436 287 quidest
460 211 491 266 in
515 229 561 266 me
585 209 702 287 ingenii,
721 210 836 282 iudices,
856 210 934 288 quod

92 291 185 348 sentio
203 310 289 368 quam
308 291 346 347 sit
365 291 508 366 exiguum,
524 297 573 347 aut
593 290 616 347 si
636 309 692 367 qua
710 290 875 348 exercitatio
892 291 934 348 di-

92 372 183 442 cendi,
196 372 226 427 in
241 390 298 448 qua
311 390 358 427 me
374 389 433 426 non
447 369 556 427 infitior
571 369 753 427 mediocriter
770 372 933 428 333313133-

93 461 163 522 tum,
179 458 229 508 aut
250 452 273 508 si
294 450 410 507 huiusce
431 450 472 506 rei
492 450 565 506 ratio
587 449 681 526 aliqua
701 450 736 506 ab
758 450 930 526 optimarum

92 533 197 588 artium
214 531 316 589 studiis
333 550 365 587 ac
380 530 531 606 disciplina
547 529 713 604 profectae
730 549 786 606 qua
802 549 856 607 ego
872 530 933 587 nul-

92 611 152 667 lum
163 611 302 668 confiteor
312 610 413 668 aetatis
423 628 503 666 meae
514 616 628 684 tempus
639 608 825 680 abhorruisse,
836 629 932 667 earum

91 711 185 747 rerum
201 691 329 747 omnium
345 690 389 747 vel
403 690 433 746 in
448 689 548 766 primis
560 688 608 745 hic
619 688 655 745 A.
667 687 793 746 Licinius
806 689 931 746 fructum

91 790 108 826 a
128 790 174 827 me
196 778 322 847 repetere
343 789 432 847 prope
454 789 505 826 313
527 769 587 825 1113
607 767 699 826 debet.
742 768 817 825 Nam
839 770 934 846 quoad

91 850 257 926 longissime
272 857 367 926 potest
384 869 464 907 mens
480 868 545 905 mea
561 848 699 925 respicere
716 848 840 926 spatium
855 868 933 925 prac-

91 930 168 986 teriti
183 931 321 1008 temporis
336 937 364 987 et
378 930 516 1007 pueritiae
531 929 698 986 memoriam
714 927 855 985 recordari
869 928 933 986 ulti-

91 1029 176 1081 mam,
192 1011 259 1067 inde
279 1030 368 1087 usque
388 1016 519 1086 repetens
537 1009 614 1066 hunc
633 1008 717 1066 video
737 1007 809 1064 mihi
830 1009 933 1086 princi·

91 1109 156 1166 pern
178 1098 207 1147 et
227 1090 264 1147 ad
282 1090 492 1167 suscipiendam
512 1096 541 1147 31
559 1089 596 1146 ad
613 1088 830 1165 ingrediendam
849 1089 933 1146 ratio·

90 1189 155 1226 nem
167 1169 269 1227 horum
285 1171 445 1227 studiorum
460 1170 608 1227 exstitisse.
645 1167 731 1238 Quod
745 1169 768 1225 si
782 1168 852 1225 haee
866 1188 930 1239 vox,

90 1248 174 1306 huius
195 1250 311 1307 hortatu
332 1250 547 1327 praeceptisque
567 1250 748 1307 conformata
767 1268 826 1306 non
847 1248 932 1305 nullis

90 1328 243 1405 aliquando
259 1329 342 1386 saluti
359 1331 524 1406 fultaque
539 1329 570 1387 id
584 1329 745 1406 accepimus
760 1348 817 1405 quo
831 1329 932 1394 ceteris

91 1410 224 1485 opitulari
250 1416 279 1466 et
303 1410 373 1466 alios
398 1429 506 1466 servare
529 1428 687 1486 possemne,
709 1409 776 1466 huie
800 1409 931 1486 profecto

91 1488 153 1564 ipsi,
164 1495 302 1565 quantum
317 1496 359 1546 est
374 1490 461 1546 situm
475 1490 504 1544 in
522 1488 613 1559 131113,
625 1496 654 1546 31
668 1508 752 1566 opem
768 1496 796 1546 et
810 1489 930 1546 salutem

90 1568 164 1624 ferre
181 1567 324 1625 debemus.
368 1576 394 1626 2.
413 1568 457 1625 113
476 1588 512 1624 113
530 1569 593 1644 quis
610 1568 725 1625 anobis
741 1569 797 1625 hoc
815 1569 857 1626 ita
874 1569 930 1626 dici

90 1647 166 1704 forte
182 1648 308 1719 miretur,
322 1649 400 1724 quod
414 1648 468 1704 alia
486 1648 625 1724 quaedam
642 1649 671 1703 in
686 1648 741 1705 hoe
755 1648 876 1705 facultas
894 1649 931 1706 sit

90 1727 198 1803 ingenii
220 1747 312 1804 neque
333 1729 402 1784 haec
423 1727 537 1784 dicendi
558 1728 631 1784 ratio
652 1735 701 1785 aut
720 1728 878 1805 disciplina,
894 1749 930 1785 ne

90 1826 142 1863 nos
161 1807 275 1883 quidem
292 1807 360 1864 huic
377 1808 427 1864 uni
444 1807 540 1863 studio
557 1807 672 1884 penitus
688 1827 825 1885 umquam
840 1809 930 1866 dediti

90 1886 205 1944 fuimus.
248 1887 364 1944 Etenim
379 1907 478 1944 omncs
492 1894 574 1958 artes,
586 1907 658 1963 quae
671 1887 708 1944 ad
721 1887 929 1946 humanitatem

77 1967 241 2041 pertinent,
260 1966 367 2024 habent
388 1967 534 2044 quoddam
559 1986 710 2025 commune
732 1968 877 2025 vinculum
902 1976 930 2026 et

85 2047 169 2122 ¹quasi
187 2047 358 2122 cognatione
376 2047 499 2124 quadam
517 2047 590 2104 inter
609 2067 638 2104 33
657 2048 847 2106 eontinentur.
891 2049 927 2106 ll.

90 2132 115 2182 3.
134 2125 192 2182 Sed
207 2146 243 2184 ne
264 2127 310 2183 oui
331 2135 457 2184 vestrum
477 2127 582 2183 mirum
604 2148 662 2184 esse
683 2129 813 2186 videatur
832 2149 878 2186 me
899 2130 928 2185 in

89 2206 255 2281 quaestione
275 2207 405 2283 legitima
425 2214 454 2265 et
475 2207 504 2262 in
525 2207 632 2264 iudicio
653 2209 777 2285 publico,
796 2229 861 2266 eum
886 2229 929 2266 res

88 2292 189 2361 agatur
208 2286 285 2362 apud
301 2293 463 2362 praetorem
482 2287 582 2363 populi
600 2287 731 2357 Romani,
743 2289 928 2346 lectissimum

88 2365 189 2436 virum,
202 2373 231 2422 et
251 2367 327 2442 apud
345 2367 537 2424 severissimos
556 2367 672 2438 iudices,
685 2375 766 2424 tanto
787 2376 929 2424 conventu

88 2443 238 2501 hominum
254 2465 285 2502 33
296 2447 465 2523 frequentia,
476 2447 531 2503 hoc
547 2448 589 2503 111
603 2466 705 2523 genere
717 2447 839 2517 dicendi,
851 2448 929 2523 quod

88 2543 147 2579 non
164 2524 251 2581 modo
271 2546 288 2582 a
306 2527 512 2583 consuetudine
532 2527 712 2595 indiciorum,
725 2545 823 2582 1311111
843 2527 929 2583 etiam

48 2602 51 2608 '
88 2623 105 2659 a
125 2604 232 2661 forensi
254 2625 383 2663 sermone
404 2606 562 2677 abhorreat,
579 2625 683 2683 quaeso
704 2625 721 2661 a
741 2605 829 2676 vobis,
845 2613 878 2663 111
900 2607 928 2662 in

87 2682 140 2740 hac
161 2703 245 2740 causa
265 2685 336 2742 mihi
358 2686 431 2743 dctis
451 2687 524 2743 hanc
545 2687 665 2753 veniam,
684 2686 928 2743 accommodatam

88 2761 155 2820 huic
176 2783 232 2835 ree,
248 2764 337 2836 vobis,
352 2786 436 2842 quem
458 2765 634 2823 admodum
656 2784 746 2840 spero,
763 2784 822 2821 non
843 2766 929 2822 mole-

88 2847 169 2914 stam,
180 2850 211 2900 11
222 2864 268 2901 me
283 2865 335 2921 pro
351 2865 463 2901 summo
474 2851 563 2920 poeta
573 2852 657 2921 atque
672 2845 865 2901 eruditissimo
880 2845 929 2901 ho-

87 2922 165 2979 mine
186 2922 408 2992 dieentem,l10c
430 2944 568 2980 concursu
588 2924 739 2980 hominum
761 2924 929 2981 litteratissi-

87 2999 208 3072 morum,
222 3001 274 3057 1133
289 3011 382 3059 133113
395 3003 581 3074 humanitate,
592 3003 647 3060 hoe
662 3003 784 3081 denique
799 3011 928 3080 praetore

88 3089 235 3137 exercente
252 3081 391 3138 iudicium
408 3084 558 3159 patiamini
573 3083 608 3139 de
625 3084 728 3140 studiis
742 3084 929 3141 humanitatis

88 3181 120 3217 ae
141 3160 299 3218 litterarum
320 3162 415 3238 paullo
434 3163 516 3244 loqui
533 3163 655 3221 1111311113
674 3170 707 3221 et
719 3165 760 3219 'm
777 3165 845 3218 3113
858 3161 951 3212 ms&

168 3351 184 3377 l·
