1988 3480
334 134 412 183 cnr.
430 96 570 204 vin-rx,
587 131 703 192 §ro-ar.
896 137 942 186 uu

105 235 227 294 vinciam
241 255 328 293 unam
342 255 377 292 cx
391 234 525 292 omnibus
538 234 605 292 huic
616 235 750 293 victoriae
764 236 888 294 maxime
902 237 942 294 in·

103 317 215 387 festam,
229 316 258 372 in
277 334 333 393 qua
349 322 408 372 erat
424 335 474 372 rex
490 316 713 392 potentissimus,
725 316 859 373 inimicus
875 315 943 374 huic

103 416 211 468 causae,
224 396 316 453 aliena
328 395 460 452 voluntas
477 402 633 452 conventus
646 395 721 452 firmi
736 403 821 472 atque
835 398 941 474 magni.

104 477 233 545 Quaero:
260 475 331 552 quid
347 475 451 532 facturi
470 475 584 532 fuistis?
609 495 781 553 quamquam
800 476 870 553 quid
886 478 943 535 fac·

103 558 161 613 turi
185 557 297 613 fueritis
322 555 460 625 dubitem,
479 574 544 611 cum
569 554 680 611 videam
706 555 776 631 quid
799 557 943 615 feceritis?

104 636 247 693 Prohibiti
265 637 332 694 estis
351 636 381 692 in
398 635 546 712 provincia
562 642 653 691 vestra
669 635 773 710 pedem
787 655 893 711 ponere
914 644 943 694 et

103 716 242 793 prohibiti
256 736 369 774 summa
382 735 448 773 cum
462 714 573 771 iniuria.
610 720 657 771 25.
674 713 738 782 Quo
752 714 840 771 modo
856 715 886 772 id
899 722 943 772 tu-

103 796 194 854 listisl
214 804 346 873 acceptae
363 795 482 852 iniuriae
500 793 652 870 querellam
670 794 707 850 ad
725 814 810 871 quem
827 795 941 852 detulis-

102 876 158 933 tisl
200 877 311 955 Nempe
331 877 369 934 ad
389 896 463 947 eum,
479 874 561 932 cuius
581 875 781 931 auctoritatem
802 875 892 931 secuti
911 875 941 932 in

103 957 267 1014 societatem
285 956 351 1014 belli
367 955 514 1014 veneratis.
558 953 644 1022 Quod
665 954 688 1011 si
710 953 838 1010 Caesaris
858 974 942 1012 causa

102 1035 131 1091 in
156 1037 333 1114 provinciam
356 1036 520 1106 veniebatis,
536 1034 574 1092 ad
596 1053 661 1091 eum
683 1034 814 1111 profecto
835 1034 940 1093 exclusi

101 1117 247 1193 provincia
260 1117 414 1174 venissetis
448 1116 577 1173 Venistis
591 1115 628 1172 ad
643 1114 824 1191 Pompeium.
861 1113 940 1182 Quae

101 1203 144 1253 est
158 1215 225 1274 ergo
240 1197 317 1275 apud
328 1196 476 1254 Caesarem
492 1195 622 1272 querella,
633 1215 699 1252 cum
713 1214 779 1251 eum
794 1195 938 1266 accusetis,

101 1295 186 1352 aquo
201 1277 359 1353 queramini
369 1275 530 1353 prohibitos
545 1295 604 1332 esse
615 1295 666 1330 vos
681 1281 781 1330 contra
791 1274 940 1331 Caesarem

100 1375 196 1431 gerere
211 1355 335 1412 belluml
369 1356 467 1431 Atque
481 1356 511 1410 in
525 1354 580 1411 hoc
596 1354 712 1431 quidem
724 1354 768 1410 vel
782 1373 848 1411 cum
863 1373 941 1410 men·

101 1435 191 1506 daci0,
204 1436 228 1491 si
243 1435 338 1505 vultis,
350 1435 513 1511 gloriemini
533 1453 584 1510 per
604 1454 650 1491 me
669 1434 743 1505 licet,
755 1453 806 1490 vos
827 1433 940 1510 provin-

101 1514 174 1570 ciam
190 1515 279 1571 fuisse
296 1514 409 1571 Caesari
425 1513 588 1571 tradituros.
627 1513 723 1571 Etiam
740 1515 764 1571 si
784 1534 801 1571 a
815 1513 893 1572 Varo
911 1529 939 1570 et

100 1613 117 1649 a
131 1593 301 1669 quibusdam
318 1594 380 1650 aliis
396 1593 536 1670 prohibiti
553 1594 628 1664 estis,
641 1613 694 1670 ego
708 1601 805 1651 tamen
823 1593 939 1651 coufite-

101 1671 154 1730 bor
169 1673 282 1750 culpam
300 1693 359 1730 esse
377 1673 491 1748 Ligarii,
503 1673 551 1750 qui
568 1693 619 1730 vos
637 1680 733 1731 tantae
750 1674 842 1730 laudis
860 1693 939 1731 occa·

100 1753 179 1810 sione
193 1754 353 1831 privaverit.
396 1753 448 1810 IX.
482 1759 528 1810 26.
545 1752 602 1810 Sed
616 1753 688 1824 vide,
702 1773 814 1831 quaese,
825 1754 936 1826 Caesar,

99 1834 290 1891 constantiam
305 1833 479 1890 ornatissimi
489 1833 543 1889 viri
558 1833 587 1890 L.
597 1833 764 1906 Tuberonis
775 1854 860 1911 quam
873 1854 936 1912 ege,

100 1914 229 1989 quamvis
250 1914 310 1990 ipse
331 1913 489 1991 probarem,
502 1920 535 1970 ut
555 1913 655 1990 probo,
667 1920 764 1971 tamen
785 1934 843 1971 non
861 1935 935 1972 com·

97 2013 293 2064 memorarem,
308 1994 363 2050 nisi
389 2000 454 2050 ate
477 1994 674 2069 cognovissem
698 1994 728 2050 in
749 1995 851 2072 primis
873 2015 936 2052 eam

98 2073 232 2130 virtutem
250 2073 338 2131 solere
357 2073 472 2130 laudari.
516 2072 595 2141 Quae
613 2074 670 2131 fuit
689 2075 778 2152 igitur
798 2095 936 2152 umquam

97 2153 126 2209 in
141 2153 200 2210 ullo
214 2153 331 2210 homine
345 2160 425 2210 tanta
445 2154 623 2210 constantia?
644 2156 834 2212 constantiam
852 2156 937 2213 dicol

96 2234 192 2289 nescio
207 2253 243 2290 an
257 2233 359 2290 melius
373 2233 542 2309 patientiam
556 2235 664 2310 possim
679 2235 780 2292 dicere.
824 2234 936 2303 Quotus

97 2313 174 2367 euim
195 2313 273 2369 istud
294 2313 413 2389 quisque
434 2312 556 2382 fecisset,
568 2320 638 2383 ut,a
655 2314 758 2390 quibus
778 2315 808 2370 in
830 2314 936 2372 dissen-

97 2391 177 2447 sione
194 2391 270 2448 civili
287 2411 346 2448 non
363 2399 436 2448 esset
452 2399 590 2469 receptus
603 2400 675 2449 esset
690 2394 776 2449 etiam
793 2413 859 2450 cum
876 2415 937 2451 cru-

97 2470 214 2550 delitate
231 2471 359 2543 reiectus,
372 2472 408 2528 ad
422 2491 471 2528 eos
484 2472 563 2548 ipsos
576 2473 697 2529 rediret?
732 2473 831 2550 Magni
845 2475 936 2550 cuius-

97 2549 164 2606 dam
188 2551 277 2607 animi
301 2558 385 2628 atque
410 2551 470 2608 cius
491 2552 544 2608 viri
569 2558 618 2622 est,
635 2571 720 2628 quem
745 2551 781 2609 de
805 2562 936 2630 suscepta

98 2648 183 2686 causa
195 2631 399 2707 propositaque
416 2631 557 2688 sententia
573 2631 651 2687 nulla
665 2632 845 2703 contumelia,
858 2633 936 2690 nulla

97 2709 147 2779 vis,
160 2709 270 2766 nullum
284 2711 441 2787 periculum
452 2711 543 2787 possit
554 2711 700 2787 depellere.
739 2712 784 2768 27.
798 2712 842 2769 Ut
859 2713 933 2769 enim

98 2796 191 2845 cetera
210 2791 290 2865 paria
302 2790 447 2848 Tuberoni
461 2810 526 2848 cum
538 2790 616 2847 Varo
631 2791 761 2862 luissent,
773 2791 934 2862 honos-no·

96 2866 199 2940 bilitas,
210 2870 351 2946 splendor,
362 2870 517 2946 ingenium,
529 2881 601 2947 quae
615 2890 793 2947 nequaquam
808 2871 934 2942 luerunt,

96 2946 151 3004 hoc
166 2956 240 3006 certe
252 2950 435 3026 praecipuum
446 2949 605 3006 Tuberonis
616 2951 681 3021 fuit,
693 2951 770 3027 quod
782 2951 857 3008 iusto
869 2971 934 3008 cum

96 3028 217 3105 imperio
235 3048 269 3085 ex
286 3037 399 3086 senatus
416 3030 546 3086 consulto
561 3030 591 3086 in
605 3031 781 3107 provinciam
796 3050 876 3087 suam
891 3050 935 3088 ve-

96 3115 183 3165 nerat
226 3108 304 3166 Hinc
318 3109 480 3187 prohibitus
493 3129 552 3166 non
567 3110 606 3166 ad
617 3110 956 3178 Caesaremmekrsms,

94 3205 152 3243 non
170 3188 298 3263 domum,
311 3209 347 3248 ne
364 3189 453 3264 iners,
463 3211 528 3248 non
546 3190 582 3248 in
602 3190 740 3268 aliquam
751 3185 982 3258 re,sgxoxxem,w»‘⁸
