1988 3480
312 117 390 168 car.
408 117 525 179 111.-v.‚
542 115 644 176 §7-14.
854 121 902 168 198
935 108 937 114 ’

102 221 207 298 Arguis
226 220 373 277 fatentem.
416 216 483 283 Non
505 224 548 276 est
567 218 642 275 satis.
680 217 805 277 Accusas
826 239 900 292 eum,

62 302 111 379 qui
128 320 240 358 causam
257 299 345 356 habet
365 305 422 368 aut,
435 305 467 354 ut
488 317 541 375 ego
560 298 633 369 dico,
646 299 793 356 meliorem
815 319 900 377 quam

60 390 92 440 tu
109 388 166 451 aut,
179 388 211 437 ut
227 388 259 437 tu
277 379 326 448 viS,
339 397 444 455 parem.
490 383 534 435 11.
550 377 631 435 Haec
652 378 838 450 admirabilia,
851 381 901 438 sed

60 461 185 538 prodigii
201 459 292 516 simile
307 457 446 534 est,·qu0d
456 458 558 515 dicam.
592 457 659 515 Non
670 458 757 516 habet
767 479 830 516 eam
841 461 900 518 vim

60 543 115 597 ista
129 540 278 609 accusatio,
291 545 323 595 ut
338 536 371 605 Q
383 537 511 614 Ligarius
526 537 740 610 condemnetur,
750 540 800 596 sed
811 547 844 598 ut
853 560 901 598 ne

48 628 146 677 cetur.
189 620 255 675 Hoc
272 618 332 694 egit
348 618 418 674 civis
434 617 582 674 Romanus
599 625 665 676 ante
686 624 714 674 te
731 638 833 677 nemo:
855 641 901 678 ex-

59 700 133 758 terni
149 700 198 756 isti
214 718 309 755 mores
329 717 419 774 usque
440 698 476 754 ad
494 697 661 774 sanguinem
679 699 791 756 incitari
808 701 901 758 solent

60 780 127 837 odio
145 786 195 836 aut
208 778 313 836 levium
327 777 502 834 Graecorum
519 783 568 834 aut
584 778 754 835 immanium
769 779 901 838 barbaro-

59 879 130 916 rum.
174 858 249 915 Nam
271 857 341 935 quid
357 857 419 935 agis
440 857 534 914 aliud?
554 864 587 915 ut
604 857 713 916 Romae
733 878 770 916 ne
791 860 847 917 sitl
867 867 900 918 ut

59 939 147 995 domo
162 939 273 996 careatl
293 957 329 995 ue
343 957 409 994 cum
424 937 542 1015 optimis
556 938 701 1010 fratribus,
713 958 749 996 ne
763 958 828 996 cum
843 940 900 998 hoc

59 1019 91 1076 Τ.
101 1018 242 1094 Broccho,
256 1017 404 1089 avuncule,
420 1037 456 1075 ne
477 1037 542 1075 cum
564 1019 624 1076 eius
645 1018 712 1091 filio,
728 1020 900 1077 consobrino

59 1118 118 1169 suo,
129 1118 164 1156 ne
179 1098 328 1156 nobiscum
342 1098 438 1156 vivat?
458 1117 494 1155 ne
509 1098 546 1155 sit
560 1098 591 1154 in
605 1099 714 1175 patriai
745 1099 823 1157 Num
838 1102 899 1158 estl

58 1198 127 1235 nurn
146 1185 243 1256 potest
260 1179 353 1256 magis
372 1197 466 1235 carere
482 1177 528 1234 his
549 1179 682 1236 omnibus
702 1199 787 1256 quam
805 1183 899 1237 caretl

58 1259 141 1316 Italia
157 1258 333 1335 prohibetur,
346 1252 479 1315 exsulat'
506 1257 572 1314 Non
589 1265 622 1314 tu
640 1278 707 1335 ergo
725 1279 789 1315 eum
807 1260 900 1335 patria

58 1339 176 1415 privare,
190 1357 245 1414 qua
256 1344 340 1408 caret,
353 1338 404 1393 sed
414 1338 473 1394 vita
486 1338 535 1394 vis
574 1343 619 1394 12.
631 1337 673 1394 At
684 1338 761 1394 istud
772 1358 808 1394 ne
822 1339 899 1416 apud

59 1437 125 1474 eum
150 1416 266 1494 quidem
295 1416 472 1488 dictatorem,
492 1417 541 1493 qui
569 1436 676 1488 omnes
695 1438 766 1494 quos
791 1418 897 1490 oderat,
962 1444 965 1448 ⁴

59 1505 151 1553 morte
168 1495 317 1566 multabat,
330 1497 480 1572 quisquam
495 1497 555 1573 egit
568 1497 624 1553 isto
638 1497 734 1555 modo.
777 1497 842 1575 lpse
857 1499 900 1554 iu-

59 1576 145 1633 bebat
160 1574 252 1632 occidi
269 1575 348 1633 nullo
362 1576 533 1653 postulante,
546 1577 680 1653 praemiis
697 1578 782 1634 etiam
799 1579 900 1635 invita-

59 1655 125 1713 bat:
149 1675 220 1732 quae
241 1661 338 1713 tamen
359 1656 510 1716 crudelitas
533 1655 568 1712 ab
590 1657 645 1713 hoc
667 1657 768 1714 eodem
789 1658 899 1734 aliquot
967 1698 970 1703 -

60 1736 141 1793 annis
152 1742 226 1813 post,
238 1754 322 1811 quem
334 1743 366 1792 tn
377 1754 453 1793 nunc
467 1736 610 1793 crudelem
625 1756 686 1793 esse
695 1737 745 1807 vis,
756 1737 900 1794 vindicata

60 1823 110 1873 est.
153 1815 190 1873 V.
206 1815 270 1892 Ego
291 1835 358 1872 vero
379 1816 457 1872 istud
477 1835 535 1872 non
556 1817 679 1893 postule,
692 1817 810 1893 inquies.
854 1818 900 1874 lta

60 1895 219 1953 mehercule
234 1896 503 1967 existimo,Tubero.
540 1895 617 1954 Novi
631 1896 707 1953 enim
723 1903 759 1968 te,
771 1897 838 1954 novi
851 1917 900 1974 pa·

60 1983 141 2047 trem,
153 1976 221 2033 novi
236 1976 354 2032 domum
369 1995 530 2053 nomenque
544 1984 686 2034 restrum:
708 1977 804 2034 studia
816 1997 900 2054 gene·

60 2056 98 2113 ris
109 2076 141 2114 ac
151 2056 277 2114 familiae
288 2063 397 2114 vestrae
406 2057 527 2127 virtutis,
537 2056 732 2127 humanitatis,
743 2058 898 2128 doctrinae,

60 2136 245 2213 plurimarum
261 2137 364 2194 artium
379 2143 464 2212 atque
480 2136 652 2213 optimarum
663 2144 733 2194 nota
746 2137 818 2194 mibi
833 2145 900 2195 sunt

61 2217 164 2274 omnia.
209 2223 254 2272 13.
271 2216 371 2293 Itaque
393 2224 469 2273 certo
491 2217 549 2273 scio
570 2237 621 2273 vos
641 2236 700 2273 non
721 2224 817 2294 petere
839 2237 901 2273 san-

61 2297 186 2372 guinem,
199 2296 249 2352 sed
262 2315 363 2372 pamm
378 2297 533 2353 attenditis.
569 2296 626 2353 Res
640 2297 716 2353 enim
732 2317 766 2353 co
781 2304 898 2373 spectat,

61 2383 94 2432 ut
105 2395 138 2432 ea
150 2395 251 2452 poena,
263 2376 294 2431 in
309 2394 365 2451 qua
379 2375 472 2432 adhuc
486 2375 519 2443 Q
531 2375 660 2452 Ligarius
675 2382 725 2446 est,
738 2396 796 2432 non
808 2376 900 2433 videa·

61 2456 134 2511 mini
158 2474 217 2511 esse
246 2455 381 2512 contenti.
428 2454 507 2523 Quae
535 2464 578 2512 est
602 2456 689 2531 igitur
713 2455 768 2511 alia
789 2464 901 2533 praeter

61 2535 203 2591 mortem?
240 2534 271 2590 Si
285 2535 361 2591 cuim
376 2543 419 2592 est
433 2535 463 2590 in
478 2534 585 2605 exsilio,
598 2535 681 2591 sicuti
696 2542 747 2605 est,
760 2535 829 2612 quid
843 2555 901 2592 arn-

62 2614 137 2680 plius
147 2613 316 2691 postulatis?
347 2615 403 2684 An,
416 2635 452 2671 nc
461 2616 641 2690 ignoscatur?
676 2615 742 2671 Hoc
753 2635 818 2671 vero
829 2615 900 2671 mul-

62 2687 93 2750 lo
108 2693 234 2750 acerbius
248 2695 397 2771 multoque
414 2702 456 2751 est
473 2695 578 2751 durius
621 2693 707 2762 Quod
723 2714 776 2750 nos
793 2689 899 2772 [domi]

62 2775 187 2850 petimus
204 2774 341 2850 precibus,
358 2775 488 2845 lacrimis
505 2774 585 2831 strati
602 2774 638 2831 ad
654 2775 749 2851 pedm,
765 2794 823 2831 non
840 2782 899 2831 tarn

63 2861 176 2910 nostrae
190 2873 288 2910 causae
299 2853 419 2911 fidentes
431 2874 515 2931 quarn
530 2854 615 2911 huius
629 2855 809 2924 humanitati,
820 2856 851 2911 id
864 2875 901 2911 nc

62 2933 249 3010 impetrenms
263 2935 451 3011 oppugnabis
464 2934 533 2991 etin
548 2943 677 2991 nostrum
688 2933 787 2991 fletum
802 2935 901 2991 irrum-

63 3033 122 3091 pes,
135 3021 163 3070 et
178 3033 230 3069 nos
247 3014 370 3070 iacentes
387 3015 422 3071 ad
439 3014 525 3091 pedes
542 3014 703 3090 supplicum
721 3033 789 3070 voce
807 3014 901 3090 probi-

63 3093 162 3151 bobisl
205 3098 249 3151 14.
268 3093 307 3163 Si,
324 3113 388 3150 cum
414 3093 468 3150 hoe
491 3093 570 3150 domi
595 3095 771 3159 faceremus,
782 3095 872 3162 opem
881 3101 919 3140 m„

62 3173 183 3232 fecimus
200 3180 237 3247 et,
250 3180 283 3232 ut
300 3193 395 3254 spero,
405 3194 468 3233 nou
480 3175 598 3232 irustra
607 3173 800 3233 mmmmm
811 3165 947 3228 wem
