1988 3480
92 118 138 166 108
287 113 357 165 PRO
374 115 403 164 L.
419 112 572 164 MURENA
589 112 731 165 ORATIO.

91 219 128 275 sit
146 225 196 275 aut
212 217 383 289 mirandum,
399 235 455 294 qua
473 216 503 273 in
522 216 637 274 civitate
655 215 748 294 rogati
765 215 947 281 infimorum

91 296 239 355 hominum
255 296 328 354 filios
342 316 432 375 propo
446 296 482 354 de
496 304 580 354 nocte
594 315 629 354 ex
642 295 744 354 ultima
761 315 852 375 saepe
871 299 946 359 urbs

91 377 246 435 deductum
263 377 359 434 venire
378 377 526 447 soleamus,
541 376 571 434 in
590 396 624 434 ea
641 395 700 434 non
719 395 781 434 esse
799 386 945 454 gravatos

90 456 220 514 homines
242 457 356 534 prodire
378 457 449 514 hora
470 457 554 514 tertia
575 457 605 514 in
628 475 761 533 campum
784 455 942 532 Martium,

90 537 254 614 praesertim
265 536 330 594 talis
341 537 393 594 viri
404 537 520 594 nomino
535 537 666 614 rogatosl
699 534 785 608 Quid,
797 537 822 594 si
833 556 942 598 omnes

90 617 240 675 societates
254 623 399 688 venerunt,
412 635 531 693 quarum
546 635 581 673 ex
595 635 713 673 numero
730 616 817 674 multi
832 618 941 678 sedent

90 697 216 755 iudices?
240 697 318 775 quid,
337 697 361 754 si
380 696 465 753 multi
485 695 617 753 homines
640 695 731 753 nostri
752 696 866 755 ordinis
888 698 941 757 ho

90 777 262 835 nestissimil
283 776 360 853 quid,
373 776 396 832 si
411 775 460 832 illa
473 774 686 847 officiosissima,
699 794 771 853 quae
785 778 939 836 neminem

90 857 198 933 patitur
221 875 279 913 non
302 855 421 913 honeste
444 856 474 912 in
499 854 598 914 urbem
620 855 745 927 introire,
765 862 830 914 tota
854 858 939 916 natio

91 935 325 993 candidatorum?
346 936 369 992 si
384 936 507 1013 denique
523 936 584 1013 ipse
601 941 747 993 aecusator
762 943 863 994 noster
880 937 939 996 Po-

91 1022 201 1072 sturnus
220 1012 333 1071 obriam
352 1035 419 1073 oum
435 1015 507 1074 bene
526 1035 631 1092 magna
647 1022 758 1073 caterva
774 1034 827 1073 sua
842 1018 936 1090 venit,

91 1095 160 1172 quid
184 1093 271 1152 habet
294 1095 349 1152 ista
372 1095 529 1154 multitudo
553 1096 770 1153 admirationis?
816 1095 937 1156 Omitto

90 1174 215 1246 clientes,
233 1175 350 1247 vicinos,
370 1175 495 1247 tribules,
516 1177 670 1233 exercitum
692 1183 787 1233 totum
810 1174 935 1250 Luculli,

91 1256 140 1332 qui
158 1255 195 1313 ad
212 1255 391 1333 triumphum
409 1275 460 1333 per
480 1274 529 1312 eos
547 1256 608 1313 dies
628 1262 758 1313 venerat:
780 1255 837 1314 hoc
856 1257 935 1330 dieo,

90 1335 282 1413 frequentiam
296 1337 325 1392 in
340 1336 397 1397 isto
412 1334 506 1393 officio
520 1337 674 1414 gratuitam
691 1355 749 1393 non
766 1336 856 1394 modo
871 1337 937 1417 dig-

90 1415 174 1473 nitati
193 1416 279 1473 ullius
297 1435 444 1494 umquam,
461 1416 510 1473 sed
529 1435 565 1473 ne
586 1415 726 1473 voluntati
747 1416 865 1493 quidem
886 1418 937 1476 de·

90 1496 186 1553 fuisse
226 1496 242 1552 7
246 1502 272 1553 0.
288 1495 329 1553 At
350 1496 530 1554 sectabantur
548 1495 639 1552 multi.
678 1495 766 1567 Doce,
782 1496 934 1555 mercede:

90 1575 245 1633 concedam
266 1595 325 1634 csse
346 1576 461 1634 crimen.
504 1575 570 1633 Hoc
592 1575 707 1653 quidem
727 1583 840 1633 remoto
862 1577 936 1654 quid

91 1655 291 1733 reprehendis?
328 1654 471 1714 XXXIV.
493 1654 570 1724 Quid
583 1675 655 1732 opus
670 1662 720 1727 est,
731 1655 833 1733 inquit,
845 1663 937 1715 secta-

90 1735 219 1793 toribusl
259 1735 285 1792 A
302 1755 347 1793 mo
364 1743 396 1793 tu
413 1736 444 1793 id
458 1735 576 1813 quaeris,
590 1735 660 1813 quid
676 1754 749 1812 opus
766 1735 803 1792 sit
816 1754 861 1808 eo,
874 1755 936 1814 quo

91 1834 203 1892 semper
221 1815 264 1871 usi
284 1816 399 1872 sumusl
439 1815 581 1873 Homines
599 1822 699 1872 tenues
717 1834 807 1873 unum
823 1814 937 1874 habent

90 1896 121 1951 in
142 1900 272 1951 nostmm
295 1894 425 1950 ordinem
447 1902 496 1953 aut
517 1895 698 1973 promerendi
719 1901 768 1952 aut
788 1895 936 1954 referendi

90 1972 221 2031 beneficii
236 1972 339 2044 locum,
351 1973 425 2031 hanc
442 1974 471 2032 in
489 1976 594 2033 nostris
610 1975 798 2052 petitionibus
814 1994 935 2052 operam

91 2061 176 2131 atque
190 2052 420 2112 adsentationem.
456 2055 557 2133 Neque
571 2055 647 2112 onim
659 2054 719 2112 fieri
733 2061 829 2133 potest
838 2072 936 2133 nequo

91 2132 295 2211 postulandum
312 2139 355 2190 est
371 2154 388 2191 a
404 2135 487 2192 nobis
504 2141 553 2192 aut
569 2134 605 2192 ab
622 2134 766 2211 equitibus
783 2134 933 2207 Romanis,

90 2219 124 2270 nt
135 2232 201 2270 suos
211 2214 382 2271 necessarios
396 2214 562 2272 candidatos
576 2214 757 2272 adsectentur
766 2220 844 2271 totos
854 2213 934 2273 dies:

91 2313 109 2350 a
125 2292 228 2371 quibus
245 2294 269 2350 si
286 2293 389 2352 domus
405 2302 503 2352 nostra
519 2292 682 2364 celebratur,
695 2294 719 2350 si
733 2294 878 2352 interdum
895 2295 936 2353 ad

91 2373 188 2430 forum
199 2373 373 2446 deducimur,
384 2375 408 2432 si
418 2394 476 2434 nno
486 2372 618 2430 basilicae
633 2372 726 2450 spatio
738 2373 933 2447 honestamur,

91 2453 244 2530 diligenter
258 2454 400 2512 observari
410 2454 540 2511 videmur
554 2458 583 2510 et
594 2453 666 2510 coli:
686 2453 848 2511 tenuiorum
863 2455 935 2512 ami·

93 2552 190 2590 eorum
205 2540 233 2591 et
247 2553 305 2590 non
321 2540 523 2610 occupatomm
542 2538 585 2590 est
598 2533 654 2590 ista
669 2533 841 2591 adsiduitas:
864 2551 935 2610 quo-

91 2633 155 2669 nrm
175 2613 259 2689 copia
273 2612 357 2670 bonis
373 2613 442 2669 viris
460 2619 489 2670 et
505 2611 639 2670 beneficis
658 2613 754 2670 deesse
772 2631 831 2670 non
850 2612 932 2672 solet.

93 2692 139 2749 71.
162 2691 231 2749 Noli
250 2693 338 2768 igitur
358 2692 466 2769 eripere
487 2691 563 2748 hunc
582 2691 711 2749 inferiori
728 2693 825 2770 generi
841 2692 935 2751 homi-

91 2791 162 2830 num
176 2772 302 2828 fructum
318 2770 413 2842 officii,
425 2770 515 2829 Cato:
535 2771 596 2828 sine
610 2790 667 2841 eos,
680 2772 728 2848 qui
743 2772 840 2829 omnia
853 2791 870 2829 a
883 2791 935 2830 no·

91 2851 137 2914 bis
153 2857 276 2928 sperant,
288 2850 391 2908 habere
408 2851 487 2927 ipsos
504 2868 618 2927 quoque
634 2850 743 2928 aliquid
757 2851 836 2928 quod
848 2851 934 2910 nobis

91 2930 216 2989 tribuero
226 2931 345 3007 possint.
382 2929 413 2997 si
424 2929 496 2987 nihil
507 2929 561 2987 erit
571 2936 682 3006 praeter
691 2931 820 3006 ipsorum
835 2932 934 2989 suffra·

91 3011 181 3087 gium,
193 3017 279 3068 tenue
296 3016 346 3081 est,
362 3009 394 3081 si,
409 3014 443 3065 ut
459 3009 658 3085 suffragentur,
672 3008 744 3066 nihil
761 3010 856 3068 valent
871 3030 934 3088 gra-

91 3091 140 3146 tia.
183 3089 242 3167 Ipsi
263 3090 394 3166 denique,
411 3094 445 3144 ut
466 3086 560 3146 solent
580 3088 667 3164 loqui,
684 3107 744 3145 non
764 3088 857 3147 dicere
879 3110 934 3167 pro

92 3168 183 3248 nobis,
191 3188 249 3225 non
262 3168 411 3245 spondere,
417 3186 476 3224 non
485 3186 584 3225 vocare
593 3166 711 3225 domum
723 3187 802 3225 suam
811 3177 932 3244 possunt
