1988 3480
81 130 126 176 l24
235 129 306 180 PRO
322 128 464 180 ARCHIA
479 128 600 180 POETA
616 128 757 180 ORATIO.

78 229 179 286 dianes
196 229 322 306 impetus
343 229 517 286 obiecissem.
560 228 617 286 Sed
635 229 713 306 pleni
732 237 798 288 sunt
819 250 918 290 omnes

78 308 150 379 libri,
163 308 263 385 plenae
278 309 450 386 sapientium
464 328 555 379 voces,
567 309 652 385 plena
666 311 860 387 exemplorum
873 332 919 369 ve-

77 383 184 445 tustas:
207 408 279 464 qnae
296 388 420 445 iacerent
436 389 466 444 in
483 388 607 445 tenebris
624 391 728 459 omnia,
743 392 799 447 nisi
815 391 919 449 littera-

78 487 141 524 rum
156 467 251 524 lumen
267 468 419 524 accederet.
458 467 551 536 Quam
565 468 669 525 multas
683 470 766 526 nobis
780 471 919 547 imagines

78 566 136 604 non
151 546 243 604 solum
258 547 294 603 ad
305 547 484 618 intuendum,
494 567 592 605 verum
604 549 689 605 etiam
701 549 737 605 ad
748 550 918 607 imitandum
933 604 937 613 ,

78 626 301 683 fortissimorum
312 627 439 683 virorum
453 646 597 704 expressas
612 629 762 704 scriptores
777 637 805 686 et
819 630 918 687 Graeci

79 712 107 763 et
124 706 219 763 Latini
234 707 418 783 reliquerunt,
435 726 504 784 quas
525 727 579 784 ego
600 707 673 764 mihi
692 728 804 784 semper
822 710 851 765 in
873 710 920 766 ad·

78 785 267 843 ministranda
276 805 306 843 re
317 786 432 863 publica
442 806 605 864 proponens
616 787 743 843 animum
755 796 783 844 et
794 796 919 846 mentem

78 884 172 922 meam
191 866 253 942 ipsa
274 866 449 943 cogitatione
466 866 618 923 hominum
638 867 835 925 excellentium
855 889 920 926 con-

78 944 248 1002 formabam.

120 1024 186 1082 VII.
229 1031 275 1083 15.
297 1024 421 1094 Quaeret
436 1025 594 1102 quispiam:
615 1026 702 1101 qnid?
721 1026 762 1083 illi
776 1028 832 1103 ipsi
847 1048 921 1084 sum-

80 1104 121 1160 mi
134 1105 196 1176 viri,
209 1124 331 1181 quornm
345 1106 465 1162 virtutes
479 1105 581 1162 litteris
594 1106 725 1182 proditae
742 1114 816 1177 sunt,
830 1109 920 1164 istane

80 1184 218 1256 doctrina,
237 1204 323 1262 quam
344 1192 377 1242 tu
398 1185 481 1242 effers
501 1184 641 1255 laudibus,
660 1185 764 1241 eruditi
785 1187 920 1244 fueruntl

79 1263 203 1322 Difficile
223 1272 266 1322 est
281 1265 337 1322 hoc
356 1266 392 1322 de
412 1264 545 1321 omnibus
566 1263 740 1335 confirmare,
756 1265 806 1321 sed
824 1272 919 1323 tamen

80 1351 124 1402 est
137 1351 246 1402 certum
261 1345 339 1422 quod
353 1344 548 1421 respondeam.
590 1343 653 1420 Ego
670 1344 776 1401 multos
790 1345 922 1402 homines

80 1425 228 1482 excellenti
250 1426 347 1481 animo
370 1444 402 1481 ac
422 1424 528 1481 virtute
550 1423 638 1481 fuisse
661 1431 690 1481 ct
710 1424 771 1481 sine
792 1425 921 1483 doctrina

80 1511 197 1562 naturae
217 1505 307 1581 ipsius
327 1503 428 1561 habitu
447 1523 537 1581 prope
557 1504 655 1560 divino
674 1523 725 1581 per
745 1524 774 1561 se
794 1505 871 1581 ipsos
892 1512 921 1562 ct

81 1585 243 1642 moderatos
268 1591 297 1642 et
318 1603 418 1661 graves
442 1584 583 1641 exstitisse
606 1584 715 1641 fateor:
742 1585 828 1641 etiam
850 1585 921 1641 illud

81 1665 216 1741 adiungo,
229 1664 340 1741 saepius
357 1664 393 1722 ad
407 1664 520 1722 laudem
537 1671 622 1741 atque
639 1665 773 1720 virtutem
791 1672 921 1721 naturam

82 1745 142 1801 sine
161 1745 292 1802 doctrina
311 1764 395 1821 quam
416 1744 476 1801 sine
495 1750 596 1801 natura
614 1743 734 1800 valuisse
753 1744 919 1801 doctrinam.

81 1823 178 1900 Atque
193 1825 269 1881 idem
284 1844 338 1901 ego
352 1824 407 1880 hoc
424 1823 576 1892 contende,
589 1842 653 1879 cum
671 1823 708 1879 ad
722 1831 850 1879 naturam
866 1825 922 1880 exi-

81 1904 169 1959 miam
181 1911 209 1960 et
220 1904 357 1960 illustrem
369 1903 516 1959 accesserit
526 1903 599 1958 ratio
611 1902 749 1978 quaedam
763 1904 922 1959 conforma-

81 1983 180 2059 tioque
200 1983 353 2053 doctrinae,
369 1989 432 2039 tum
451 1981 523 2038 illud
541 1982 637 2038 nescio
659 1981 729 2058 quid
747 1982 920 2057 praeclarum

83 2081 115 2118 ac
129 2062 270 2138 singulare
285 2061 373 2118 solere
388 2061 528 2118 exsistere.
573 2066 618 2117 16.
641 2060 685 2116 Ex
699 2060 754 2116 boc
771 2080 831 2118 esse
845 2061 921 2118 hunc

83 2160 210 2210 numero,
223 2159 307 2217 quem
321 2148 416 2216 patres
430 2141 520 2198 nostri
534 2140 677 2210 viderunt,
687 2140 815 2196 divinum
830 2140 922 2197 homi-

82 2239 148 2277 nem
165 2219 344 2291 Afrieanum‚
360 2240 394 2278 ex
411 2221 466 2278 hoc
483 2219 514 2277 (l.
528 2219 663 2290 Laelium,
679 2219 710 2275 L.
723 2219 848 2291 Furium,
862 2241 923 2278 mo

82 2300 275 2358 deratissimos
302 2300 437 2358 homines
462 2307 491 2357 et
518 2299 787 2370 continentissime,
808 2319 842 2356 ex
866 2301 922 2359 hoc

82 2379 273 2437 fortissimum
289 2380 381 2438 virum
401 2387 430 2438 et
446 2380 502 2438 illis
519 2378 697 2455 temporibus
713 2379 920 2451 doctissimum,

83 2458 121 2516 M.
134 2460 275 2517 Catonem
293 2461 374 2518 illurn
393 2478 506 2517 senem:
530 2459 579 2536 qui
598 2459 729 2536 proiecto
751 2459 774 2515 11
793 2460 865 2516 nihil
885 2461 922 2517 ad

83 2540 294 2616 percipiendam
315 2540 519 2616 colendamque
536 2539 671 2595 virtutem
688 2538 791 2596 litteris
810 2540 923 2597 adiuva·

83 2626 188 2690 rentur,
200 2638 357 2696 numquam
372 2639 401 2676 sc
417 2619 455 2675 ad
469 2638 562 2676 earum
581 2618 709 2675 studium
727 2619 920 2677 contulissent.

84 2696 169 2766 Quod
183 2699 207 2756 si
221 2718 279 2755 non
293 2699 340 2756 hic
354 2705 451 2756 tantus
461 2699 577 2761 ,fructus
595 2699 791 2755 ostenderetur
808 2706 836 2756 et
850 2701 873 2755 11
888 2719 922 2756 ex

83 2776 129 2834 his
142 2779 244 2835 studiis
255 2778 406 2836 delectatio
421 2778 480 2835 sola
489 2785 641 2856 peteretur,
651 2785 757 2848 tamen,
767 2785 800 2834 ut
812 2779 920 2854 opinor,

83 2857 156 2914 hanc
171 2859 259 2915 animi
269 2859 464 2915 adversionem
475 2858 710 2915 humanissimam
722 2877 755 2914 ae
766 2857 923 2915 liberalissi-

84 2956 161 2994 mam
172 2939 341 2995 iudioaretis
375 2938 450 2994 Nam
462 2944 569 2994 ceterae
581 2957 672 3014 neque
683 2945 845 3015 temporum
857 2944 923 2993 sunt

84 3036 176 3093 neque
190 3025 315 3075 aetatum
330 3018 459 3074 omnium
473 3036 565 3093 neque
579 3017 724 3074 locorum:
745 3018 814 3074 haec
829 3016 924 3073 studia

84 3097 304 3154 adolescentiam
321 3097 408 3167 alunt,
424 3103 599 3154 senectutem
616 3097 768 3168 oblectant,
785 3097 923 3153 secundas

66 3190 116 3226 res
130 3182 244 3248 ornant,
255 3177 384 3237 adversis
397 3177 567 3258 perfugium
581 3195 613 3236 ac
626 3177 764 3236 solacium
776 3175 921 3254 praebent,
