<?xml version="1.0" encoding="UTF-8"?>
<!DOCTYPE html PUBLIC "-//W3C//DTD XHTML 1.0 Transitional//EN"
    "http://www.w3.org/TR/xhtml1/DTD/xhtml1-transitional.dtd">
<html xmlns="http://www.w3.org/1999/xhtml" xml:lang="en" lang="en">
 <head>
  <title>
</title>
<meta http-equiv="Content-Type" content="text/html;charset=utf-8" />
  <meta name='ocr-system' content='tesseract 3.04.00' />
  <meta name='ocr-capabilities' content='ocr_page ocr_carea ocr_par ocr_line ocrx_word'/>
</head>
<body>
  <div class='ocr_page' id='page_1' title='image "./mtulliiciceroni32cicegoog_0074.png"; bbox 0 0 1988 3480; ppageno 0'>
   <div class='ocr_carea' id='block_1_1' title="bbox 93 119 930 299">
    <p class='ocr_par' dir='ltr' id='par_1_1' title="bbox 93 119 930 299">
     <span class='ocr_line' id='line_1_1' title="bbox 332 119 930 181; baseline 0.002 -12"><span class='ocrx_word' id='word_1_1' title='bbox 332 121 409 170; x_wconf 75' lang='lat' dir='ltr'>cnr.</span> <span class='ocrx_word' id='word_1_2' title='bbox 426 121 554 181; x_wconf 87' lang='lat' dir='ltr'>v.-vu.,</span> <span class='ocrx_word' id='word_1_3' title='bbox 570 119 584 180; x_wconf 70' lang='grc'>3</span> <span class='ocrx_word' id='word_1_4' title='bbox 601 121 699 170; x_wconf 73' lang='lat' dir='ltr'>rara-</span> <span class='ocrx_word' id='word_1_5' title='bbox 899 125 930 170; x_wconf 79' lang='lat' dir='ltr'>as</span> 
     </span>
     <span class='ocr_line' id='line_1_2' title="bbox 93 195 930 299; baseline -0.001 -21"><span class='ocrx_word' id='word_1_6' title='bbox 93 195 149 299; x_wconf 72' lang='lat' dir='ltr'>quo</span> <span class='ocrx_word' id='word_1_7' title='bbox 164 223 289 298; x_wconf 90' lang='lat' dir='ltr'>primum</span> <span class='ocrx_word' id='word_1_8' title='bbox 301 220 399 278; x_wconf 77' lang='lat' dir='ltr'>Gallos</span> <span class='ocrx_word' id='word_1_9' title='bbox 413 221 450 278; x_wconf 89' lang='lat' dir='ltr'>ad</span> <span class='ocrx_word' id='word_1_10' title='bbox 460 219 615 277; x_wconf 82' lang='lat' dir='ltr'>Gabinium</span> <span class='ocrx_word' id='word_1_11' title='bbox 626 220 778 297; x_wconf 86' lang='lat' dir='ltr'>perductos</span> <span class='ocrx_word' id='word_1_12' title='bbox 792 241 852 279; x_wconf 89' lang='lat' dir='ltr'>esse</span> <span class='ocrx_word' id='word_1_13' title='bbox 866 242 930 279; x_wconf 90' lang='lat' dir='ltr'>con-</span> 
     </span>
    </p>
   </div>
   <div class='ocr_carea' id='block_1_2' title="bbox 23 300 982 3160">
    <p class='ocr_par' dir='ltr' id='par_1_2' title="bbox 23 300 994 3186">
     <span class='ocr_line' id='line_1_3' title="bbox 93 300 928 377; baseline 0.001 -20"><span class='ocrx_word' id='word_1_14' title='bbox 93 301 193 359; x_wconf 87' lang='lat' dir='ltr'>stabat.</span> <span class='ocrx_word' id='word_1_15' title='bbox 236 303 334 377; x_wconf 83' lang='lat' dir='ltr'>Atque</span> <span class='ocrx_word' id='word_1_16' title='bbox 348 320 382 357; x_wconf 98' lang='grc'>03</span> <span class='ocrx_word' id='word_1_17' title='bbox 394 300 511 358; x_wconf 81' lang='lat' dir='ltr'>lenitate</span> <span class='ocrx_word' id='word_1_18' title='bbox 525 307 639 358; x_wconf 91' lang='lat' dir='ltr'>senatus</span> <span class='ocrx_word' id='word_1_19' title='bbox 653 321 720 358; x_wconf 91' lang='lat' dir='ltr'>usus</span> <span class='ocrx_word' id='word_1_20' title='bbox 734 308 785 372; x_wconf 88' lang='lat' dir='ltr'>est,</span> <span class='ocrx_word' id='word_1_21' title='bbox 796 301 928 373; x_wconf 81' lang='lat' dir='ltr'>Quirites,</span> 
     </span>
     <span class='ocr_line' id='line_1_4' title="bbox 92 381 931 457; baseline 0.001 -19"><span class='ocrx_word' id='word_1_22' title='bbox 92 389 125 439; x_wconf 91' lang='grc'>111</span> <span class='ocrx_word' id='word_1_23' title='bbox 146 402 180 438; x_wconf 86' lang='lat' dir='ltr'>ex</span> <span class='ocrx_word' id='word_1_24' title='bbox 201 388 282 438; x_wconf 89' lang='lat' dir='ltr'>tanta</span> <span class='ocrx_word' id='word_1_25' title='bbox 302 381 497 437; x_wconf 88' lang='lat' dir='ltr'>coniuratione</span> <span class='ocrx_word' id='word_1_26' title='bbox 519 388 654 457; x_wconf 89' lang='lat' dir='ltr'>tantaque</span> <span class='ocrx_word' id='word_1_27' title='bbox 675 381 728 437; x_wconf 88' lang='grc'><strong>1130</strong></span> <span class='ocrx_word' id='word_1_28' title='bbox 745 381 931 439; x_wconf 90' lang='lat' dir='ltr'>multitudine</span> 
     </span>
     <span class='ocr_line' id='line_1_5' title="bbox 93 460 931 537; baseline 0 -19"><span class='ocrx_word' id='word_1_29' title='bbox 93 461 315 518; x_wconf 88' lang='lat' dir='ltr'>domesticorum</span> <span class='ocrx_word' id='word_1_30' title='bbox 336 460 462 517; x_wconf 88' lang='lat' dir='ltr'>hostium</span> <span class='ocrx_word' id='word_1_31' title='bbox 483 480 587 518; x_wconf 92' lang='lat' dir='ltr'>novem</span> <span class='ocrx_word' id='word_1_32' title='bbox 604 461 754 517; x_wconf 90' lang='lat' dir='ltr'>hominum</span> <span class='ocrx_word' id='word_1_33' title='bbox 776 462 931 537; x_wconf 86' lang='lat' dir='ltr'>perditissi-</span> 
     </span>
     <span class='ocr_line' id='line_1_6' title="bbox 92 540 932 618; baseline 0.001 -21"><span class='ocrx_word' id='word_1_34' title='bbox 92 561 205 598; x_wconf 83' lang='lat' dir='ltr'>morum</span> <span class='ocrx_word' id='word_1_35' title='bbox 217 559 311 618; x_wconf 90' lang='lat' dir='ltr'>poena</span> <span class='ocrx_word' id='word_1_36' title='bbox 323 540 478 617; x_wconf 88' lang='lat' dir='ltr'>republica</span> <span class='ocrx_word' id='word_1_37' title='bbox 492 547 656 597; x_wconf 87' lang='lat' dir='ltr'>conservata</span> <span class='ocrx_word' id='word_1_38' title='bbox 666 540 839 617; x_wconf 89' lang='lat' dir='ltr'>reliquorum</span> <span class='ocrx_word' id='word_1_39' title='bbox 854 561 932 598; x_wconf 77' lang='lat' dir='ltr'>men-</span> 
     </span>
     <span class='ocr_line' id='line_1_7' title="bbox 92 620 932 697; baseline -0.001 -20"><span class='ocrx_word' id='word_1_40' title='bbox 92 627 136 677; x_wconf 90' lang='lat' dir='ltr'>tes</span> <span class='ocrx_word' id='word_1_41' title='bbox 150 621 241 677; x_wconf 86' lang='lat' dir='ltr'>sanari</span> <span class='ocrx_word' id='word_1_42' title='bbox 256 639 339 697; x_wconf 88' lang='lat' dir='ltr'>posse</span> <span class='ocrx_word' id='word_1_43' title='bbox 356 620 546 678; x_wconf 76' lang='lat' dir='ltr'><strong>arbitraretur.</strong></span> <span class='ocrx_word' id='word_1_44' title='bbox 591 626 635 677; x_wconf 88' lang='lat'>15.</span> <span class='ocrx_word' id='word_1_45' title='bbox 651 620 749 696; x_wconf 89' lang='lat' dir='ltr'>Atque</span> <span class='ocrx_word' id='word_1_46' title='bbox 766 621 851 677; x_wconf 91' lang='lat' dir='ltr'>etiam</span> <span class='ocrx_word' id='word_1_47' title='bbox 868 641 932 697; x_wconf 89' lang='lat' dir='ltr'>sup·</span> 
     </span>
     <span class='ocr_line' id='line_1_8' title="bbox 92 699 931 778; baseline 0.001 -22"><span class='ocrx_word' id='word_1_48' title='bbox 92 700 209 778; x_wconf 85' lang='lat' dir='ltr'>plicatio</span> <span class='ocrx_word' id='word_1_49' title='bbox 223 700 268 757; x_wconf 92' lang='lat' dir='ltr'>dis</span> <span class='ocrx_word' id='word_1_50' title='bbox 282 700 491 757; x_wconf 80' lang='lat' dir='ltr'>immortalibus</span> <span class='ocrx_word' id='word_1_51' title='bbox 501 719 554 776; x_wconf 94' lang='lat' dir='ltr'>pro</span> <span class='ocrx_word' id='word_1_52' title='bbox 569 699 704 776; x_wconf 82' lang='lat' dir='ltr'>singulari</span> <span class='ocrx_word' id='word_1_53' title='bbox 716 719 814 757; x_wconf 91' lang='lat' dir='ltr'>eorum</span> <span class='ocrx_word' id='word_1_54' title='bbox 828 701 931 757; x_wconf 90' lang='lat' dir='ltr'>merito</span> 
     </span>
     <span class='ocr_line' id='line_1_9' title="bbox 91 779 931 856; baseline -0.001 -19"><span class='ocrx_word' id='word_1_55' title='bbox 91 799 157 838; x_wconf 90' lang='lat' dir='ltr'>meo</span> <span class='ocrx_word' id='word_1_56' title='bbox 178 780 294 837; x_wconf 90' lang='lat' dir='ltr'>nomine</span> <span class='ocrx_word' id='word_1_57' title='bbox 316 779 428 840; x_wconf 89' lang='lat' dir='ltr'>decreta</span> <span class='ocrx_word' id='word_1_58' title='bbox 452 787 502 850; x_wconf 89' lang='lat' dir='ltr'>est,</span> <span class='ocrx_word' id='word_1_59' title='bbox 522 780 599 856; x_wconf 92' lang='lat' dir='ltr'>quod</span> <span class='ocrx_word' id='word_1_60' title='bbox 619 779 692 836; x_wconf 92' lang='lat' dir='ltr'>mihi</span> <span class='ocrx_word' id='word_1_61' title='bbox 716 780 842 856; x_wconf 89' lang='lat' dir='ltr'>primum</span> <span class='ocrx_word' id='word_1_62' title='bbox 865 787 931 856; x_wconf 88' lang='lat' dir='ltr'>post</span> 
     </span>
     <span class='ocr_line' id='line_1_10' title="bbox 92 859 932 937; baseline -0.001 -20"><span class='ocrx_word' id='word_1_63' title='bbox 92 859 165 917; x_wconf 92' lang='lat' dir='ltr'>hanc</span> <span class='ocrx_word' id='word_1_64' title='bbox 186 860 286 917; x_wconf 90' lang='lat' dir='ltr'>urbem</span> <span class='ocrx_word' id='word_1_65' title='bbox 306 860 452 917; x_wconf 88' lang='lat' dir='ltr'>conditam</span> <span class='ocrx_word' id='word_1_66' title='bbox 470 867 570 936; x_wconf 83' lang='lat' dir='ltr'>togato</span> <span class='ocrx_word' id='word_1_67' title='bbox 588 860 717 937; x_wconf 85' lang='lat' dir='ltr'>contigit,</span> <span class='ocrx_word' id='word_1_68' title='bbox 731 866 759 916; x_wconf 90' lang='lat' dir='ltr'>et</span> <span class='ocrx_word' id='word_1_69' title='bbox 777 859 823 916; x_wconf 91' lang='lat' dir='ltr'>his</span> <span class='ocrx_word' id='word_1_70' title='bbox 839 859 932 916; x_wconf 82' lang='lat' dir='ltr'>verbis</span> 
     </span>
     <span class='ocr_line' id='line_1_11' title="bbox 92 939 930 1011; baseline 0 -15"><span class='ocrx_word' id='word_1_71' title='bbox 92 939 206 997; x_wconf 88' lang='lat' dir='ltr'>decreta</span> <span class='ocrx_word' id='word_1_72' title='bbox 228 947 279 1011; x_wconf 87' lang='lat' dir='ltr'>est,</span> <span class='ocrx_word' id='word_1_73' title='bbox 295 959 376 1004; x_wconf 83' lang='lat' dir='ltr'>onon</span> <span class='ocrx_word' id='word_1_74' title='bbox 402 960 505 998; x_wconf 79' lang='grc'><strong>11331111</strong></span> <span class='ocrx_word' id='word_1_75' title='bbox 530 958 809 1010; x_wconf 79' lang='grc' dir='ltr'><strong>1100111113,οΑ111111</strong></span> <span class='ocrx_word' id='word_1_76' title='bbox 834 959 930 1010; x_wconf 82' lang='grc'><strong>011113,</strong></span> 
     </span>
     <span class='ocr_line' id='line_1_12' title="bbox 93 1018 931 1097; baseline 0 -21"><span class='ocrx_word' id='word_1_77' title='bbox 93 1018 220 1076; x_wconf 81' lang='grc'><strong>1111111111</strong></span> <span class='ocrx_word' id='word_1_78' title='bbox 246 1039 340 1077; x_wconf 77' lang='lat' dir='ltr'>nunno</span> <span class='ocrx_word' id='word_1_79' title='bbox 366 1038 560 1077; x_wconf 74' lang='lat' dir='ltr'>emanassuu.</span> <span class='ocrx_word' id='word_1_80' title='bbox 607 1019 686 1088; x_wconf 78' lang='lat' dir='ltr'>Quae</span> <span class='ocrx_word' id='word_1_81' title='bbox 711 1020 882 1097; x_wconf 82' lang='lat' dir='ltr'>supplicatio</span> <span class='ocrx_word' id='word_1_82' title='bbox 907 1020 931 1076; x_wconf 88' lang='lat' dir='ltr'>si</span> 
     </span>
     <span class='ocr_line' id='line_1_13' title="bbox 93 1099 930 1177; baseline 0 -21"><span class='ocrx_word' id='word_1_83' title='bbox 93 1119 158 1156; x_wconf 92' lang='lat' dir='ltr'>cum</span> <span class='ocrx_word' id='word_1_84' title='bbox 173 1099 273 1158; x_wconf 90' lang='lat' dir='ltr'>ceteris</span> <span class='ocrx_word' id='word_1_85' title='bbox 287 1100 543 1177; x_wconf 80' lang='lat' dir='ltr'>supplicationibus</span> <span class='ocrx_word' id='word_1_86' title='bbox 557 1099 793 1170; x_wconf 85' lang='grc'><strong>001113131111,1100</strong></span> <span class='ocrx_word' id='word_1_87' title='bbox 804 1101 930 1170; x_wconf 86' lang='lat' dir='ltr'>interest,</span> 
     </span>
     <span class='ocr_line' id='line_1_14' title="bbox 93 1180 932 1256; baseline 0 -20"><span class='ocrx_word' id='word_1_88' title='bbox 93 1180 172 1256; x_wconf 91' lang='lat' dir='ltr'>quod</span> <span class='ocrx_word' id='word_1_89' title='bbox 182 1187 290 1238; x_wconf 88' lang='lat' dir='ltr'>ceterae</span> <span class='ocrx_word' id='word_1_90' title='bbox 304 1181 376 1238; x_wconf 91' lang='lat' dir='ltr'>bene</span> <span class='ocrx_word' id='word_1_91' title='bbox 391 1188 478 1256; x_wconf 82' lang='lat' dir='ltr'>gesta,</span> <span class='ocrx_word' id='word_1_92' title='bbox 490 1181 629 1238; x_wconf 85' lang='grc'><strong>1130011113</strong></span> <span class='ocrx_word' id='word_1_93' title='bbox 642 1187 808 1237; x_wconf 87' lang='lat' dir='ltr'>conservata</span> <span class='ocrx_word' id='word_1_94' title='bbox 821 1200 850 1237; x_wconf 92' lang='lat' dir='ltr'>re</span> <span class='ocrx_word' id='word_1_95' title='bbox 861 1180 932 1256; x_wconf 90' lang='lat' dir='ltr'>pub-</span> 
     </span>
     <span class='ocr_line' id='line_1_15' title="bbox 92 1259 931 1338; baseline 0 -22"><span class='ocrx_word' id='word_1_96' title='bbox 92 1259 147 1318; x_wconf 88' lang='lat' dir='ltr'>lica</span> <span class='ocrx_word' id='word_1_97' title='bbox 170 1261 327 1318; x_wconf 89' lang='lat' dir='ltr'>constituta</span> <span class='ocrx_word' id='word_1_98' title='bbox 350 1268 400 1318; x_wconf 87' lang='lat' dir='ltr'>est.</span> <span class='ocrx_word' id='word_1_99' title='bbox 442 1261 541 1338; x_wconf 89' lang='lat' dir='ltr'>Atque</span> <span class='ocrx_word' id='word_1_100' title='bbox 565 1260 644 1330; x_wconf 94' lang='lat' dir='ltr'>illud,</span> <span class='ocrx_word' id='word_1_101' title='bbox 663 1260 742 1337; x_wconf 92' lang='lat' dir='ltr'>quod</span> <span class='ocrx_word' id='word_1_102' title='bbox 763 1261 931 1317; x_wconf 88' lang='lat' dir='ltr'>faciundum</span> 
     </span>
     <span class='ocr_line' id='line_1_16' title="bbox 92 1340 929 1416; baseline 0 -20"><span class='ocrx_word' id='word_1_103' title='bbox 92 1341 218 1416; x_wconf 88' lang='lat' dir='ltr'>primum</span> <span class='ocrx_word' id='word_1_104' title='bbox 233 1341 298 1411; x_wconf 88' lang='lat' dir='ltr'>fuit,</span> <span class='ocrx_word' id='word_1_105' title='bbox 311 1341 420 1397; x_wconf 79' lang='lat' dir='ltr'>tactum</span> <span class='ocrx_word' id='word_1_106' title='bbox 435 1347 520 1416; x_wconf 87' lang='lat' dir='ltr'>atque</span> <span class='ocrx_word' id='word_1_107' title='bbox 535 1346 710 1396; x_wconf 90' lang='lat' dir='ltr'>transactum</span> <span class='ocrx_word' id='word_1_108' title='bbox 725 1346 775 1397; x_wconf 90' lang='lat' dir='ltr'>est.</span> <span class='ocrx_word' id='word_1_109' title='bbox 812 1340 886 1396; x_wconf 88' lang='lat' dir='ltr'>Nam</span> <span class='ocrx_word' id='word_1_110' title='bbox 897 1340 929 1396; x_wconf 88' lang='lat' dir='ltr'>P.</span> 
     </span>
     <span class='ocr_line' id='line_1_17' title="bbox 79 1419 933 1496; baseline -0.006 -16"><span class='ocrx_word' id='word_1_111' title='bbox 79 1476 81 1481; x_wconf 89' lang='grc'><strong>,</strong></span> <span class='ocrx_word' id='word_1_112' title='bbox 94 1419 239 1490; x_wconf 76' lang='lat' dir='ltr'>Lentulus,</span> <span class='ocrx_word' id='word_1_113' title='bbox 252 1439 425 1496; x_wconf 90' lang='lat' dir='ltr'>quamquam</span> <span class='ocrx_word' id='word_1_114' title='bbox 442 1420 593 1496; x_wconf 82' lang='lat' dir='ltr'>patefactis</span> <span class='ocrx_word' id='word_1_115' title='bbox 614 1420 736 1491; x_wconf 88' lang='lat' dir='ltr'>indiciis,</span> <span class='ocrx_word' id='word_1_116' title='bbox 748 1420 933 1476; x_wconf 87' lang='lat' dir='ltr'>confessioni-</span> 
     </span>
     <span class='ocr_line' id='line_1_18' title="bbox 94 1498 933 1576; baseline 0.001 -21"><span class='ocrx_word' id='word_1_117' title='bbox 94 1498 148 1555; x_wconf 89' lang='lat' dir='ltr'>bus</span> <span class='ocrx_word' id='word_1_118' title='bbox 164 1500 229 1569; x_wconf 89' lang='lat' dir='ltr'>suis,</span> <span class='ocrx_word' id='word_1_119' title='bbox 242 1498 349 1555; x_wconf 89' lang='lat' dir='ltr'>iudicio</span> <span class='ocrx_word' id='word_1_120' title='bbox 364 1506 477 1555; x_wconf 90' lang='lat' dir='ltr'>senatus</span> <span class='ocrx_word' id='word_1_121' title='bbox 494 1518 552 1555; x_wconf 92' lang='lat' dir='ltr'>non</span> <span class='ocrx_word' id='word_1_122' title='bbox 569 1499 657 1556; x_wconf 92' lang='lat' dir='ltr'>modo</span> <span class='ocrx_word' id='word_1_123' title='bbox 671 1499 809 1576; x_wconf 88' lang='lat' dir='ltr'>praetoris</span> <span class='ocrx_word' id='word_1_124' title='bbox 823 1500 933 1569; x_wconf 86' lang='grc' dir='ltr'><strong>1113,νο-</strong></span> 
     </span>
     <span class='ocr_line' id='line_1_19' title="bbox 46 1578 932 1654; baseline 0 -20"><span class='ocrx_word' id='word_1_125' title='bbox 46 1640 48 1644; x_wconf 12' lang='lat'>³</span> <span class='ocrx_word' id='word_1_126' title='bbox 94 1597 158 1634; x_wconf 86' lang='lat' dir='ltr'>rum</span> <span class='ocrx_word' id='word_1_127' title='bbox 175 1579 261 1635; x_wconf 92' lang='lat' dir='ltr'>etiam</span> <span class='ocrx_word' id='word_1_128' title='bbox 278 1578 348 1634; x_wconf 90' lang='lat' dir='ltr'>civis</span> <span class='ocrx_word' id='word_1_129' title='bbox 364 1578 504 1648; x_wconf 89' lang='lat' dir='ltr'>amiserat,</span> <span class='ocrx_word' id='word_1_130' title='bbox 516 1585 613 1635; x_wconf 90' lang='lat' dir='ltr'>tamen</span> <span class='ocrx_word' id='word_1_131' title='bbox 627 1580 795 1654; x_wconf 77' lang='lat' dir='ltr'>magistratu</span> <span class='ocrx_word' id='word_1_132' title='bbox 812 1599 841 1635; x_wconf 92' lang='lat' dir='ltr'>se</span> <span class='ocrx_word' id='word_1_133' title='bbox 856 1579 932 1635; x_wconf 90' lang='lat' dir='ltr'>abdi·</span> 
     </span>
     <span class='ocr_line' id='line_1_20' title="bbox 95 1657 932 1734; baseline 0 -20"><span class='ocrx_word' id='word_1_134' title='bbox 95 1659 177 1728; x_wconf 86' lang='lat' dir='ltr'>cavit,</span> <span class='ocrx_word' id='word_1_135' title='bbox 189 1664 229 1728; x_wconf 90' lang='lat' dir='ltr'>ut,</span> <span class='ocrx_word' id='word_1_136' title='bbox 243 1677 314 1734; x_wconf 88' lang='lat' dir='ltr'>quae</span> <span class='ocrx_word' id='word_1_137' title='bbox 335 1657 435 1733; x_wconf 84' lang='lat' dir='ltr'>religio</span> <span class='ocrx_word' id='word_1_138' title='bbox 457 1657 488 1715; x_wconf 79' lang='grc' dir='ltr'>Ο.</span> <span class='ocrx_word' id='word_1_139' title='bbox 500 1657 599 1729; x_wconf 85' lang='grc' dir='ltr'><strong>Μ3110,</strong></span> <span class='ocrx_word' id='word_1_140' title='bbox 612 1658 767 1714; x_wconf 89' lang='lat' dir='ltr'>clarissimo</span> <span class='ocrx_word' id='word_1_141' title='bbox 788 1659 857 1729; x_wconf 85' lang='lat' dir='ltr'>vire,</span> <span class='ocrx_word' id='word_1_142' title='bbox 873 1678 932 1714; x_wconf 92' lang='lat' dir='ltr'>non</span> 
     </span>
     <span class='ocr_line' id='line_1_21' title="bbox 94 1736 933 1814; baseline 0 -20"><span class='ocrx_word' id='word_1_143' title='bbox 94 1737 264 1814; x_wconf 74' lang='lat' dir='ltr'>fueratque</span> <span class='ocrx_word' id='word_1_144' title='bbox 278 1736 374 1795; x_wconf 91' lang='lat' dir='ltr'>minus</span> <span class='ocrx_word' id='word_1_145' title='bbox 388 1736 585 1808; x_wconf 73' lang='grc'><strong>0.(11311013111,</strong></span> <span class='ocrx_word' id='word_1_146' title='bbox 598 1738 632 1794; x_wconf 92' lang='lat' dir='ltr'>de</span> <span class='ocrx_word' id='word_1_147' title='bbox 648 1757 704 1814; x_wconf 93' lang='lat' dir='ltr'>quo</span> <span class='ocrx_word' id='word_1_148' title='bbox 719 1737 791 1794; x_wconf 89' lang='lat' dir='ltr'>nihil</span> <span class='ocrx_word' id='word_1_149' title='bbox 805 1739 933 1794; x_wconf 87' lang='lat' dir='ltr'>nomina-</span> 
     </span>
     <span class='ocr_line' id='line_1_22' title="bbox 93 1817 933 1894; baseline 0 -21"><span class='ocrx_word' id='word_1_150' title='bbox 93 1818 148 1874; x_wconf 84' lang='lat' dir='ltr'>tim</span> <span class='ocrx_word' id='word_1_151' title='bbox 165 1824 225 1874; x_wconf 89' lang='lat' dir='ltr'>erat</span> <span class='ocrx_word' id='word_1_152' title='bbox 241 1817 395 1888; x_wconf 89' lang='lat' dir='ltr'>decretum,</span> <span class='ocrx_word' id='word_1_153' title='bbox 407 1825 567 1894; x_wconf 85' lang='lat' dir='ltr'>praetorem</span> <span class='ocrx_word' id='word_1_154' title='bbox 585 1817 733 1887; x_wconf 89' lang='lat' dir='ltr'>occideret,</span> <span class='ocrx_word' id='word_1_155' title='bbox 746 1837 780 1875; x_wconf 88' lang='lat' dir='ltr'>ea</span> <span class='ocrx_word' id='word_1_156' title='bbox 799 1837 852 1874; x_wconf 91' lang='lat' dir='ltr'>nos</span> <span class='ocrx_word' id='word_1_157' title='bbox 871 1818 933 1875; x_wconf 90' lang='lat' dir='ltr'>reli-</span> 
     </span>
     <span class='ocr_line' id='line_1_23' title="bbox 23 1896 894 1974; baseline 0.002 -21"><span class='ocrx_word' id='word_1_158' title='bbox 23 1932 26 1940; x_wconf 40' lang='lat'>*</span> <span class='ocrx_word' id='word_1_159' title='bbox 93 1897 179 1973; x_wconf 86' lang='lat' dir='ltr'>gione</span> <span class='ocrx_word' id='word_1_160' title='bbox 193 1897 223 1953; x_wconf 93' lang='lat' dir='ltr'>in</span> <span class='ocrx_word' id='word_1_161' title='bbox 237 1897 349 1973; x_wconf 87' lang='lat' dir='ltr'>privato</span> <span class='ocrx_word' id='word_1_162' title='bbox 364 1897 396 1954; x_wconf 89' lang='lat' dir='ltr'>P.</span> <span class='ocrx_word' id='word_1_163' title='bbox 407 1896 529 1954; x_wconf 89' lang='lat' dir='ltr'>Lentulo</span> <span class='ocrx_word' id='word_1_164' title='bbox 543 1896 689 1974; x_wconf 90' lang='lat' dir='ltr'>puniendo</span> <span class='ocrx_word' id='word_1_165' title='bbox 704 1897 894 1955; x_wconf 86' lang='lat' dir='ltr'>liberaremur.</span> 
     </span>
     <span class='ocr_line' id='line_1_24' title="bbox 134 1975 932 2054; baseline 0 -20"><span class='ocrx_word' id='word_1_166' title='bbox 134 1976 201 2035; x_wconf 88' lang='lat' dir='ltr'>VH.</span> <span class='ocrx_word' id='word_1_167' title='bbox 239 1983 284 2035; x_wconf 83' lang='lat'>16.</span> <span class='ocrx_word' id='word_1_168' title='bbox 307 1976 392 2034; x_wconf 91' lang='lat' dir='ltr'>Nunc</span> <span class='ocrx_word' id='word_1_169' title='bbox 417 1977 561 2054; x_wconf 87' lang='lat' dir='ltr'>quoniam,</span> <span class='ocrx_word' id='word_1_170' title='bbox 577 1975 710 2048; x_wconf 77' lang='lat' dir='ltr'>Quirites,</span> <span class='ocrx_word' id='word_1_171' title='bbox 725 1978 932 2036; x_wconf 87' lang='lat' dir='ltr'>consceleratis-</span> 
     </span>
     <span class='ocr_line' id='line_1_25' title="bbox 94 2057 932 2134; baseline 0 -21"><span class='ocrx_word' id='word_1_172' title='bbox 94 2057 159 2114; x_wconf 89' lang='lat' dir='ltr'>simi</span> <span class='ocrx_word' id='word_1_173' title='bbox 180 2057 468 2134; x_wconf 87' lang='lat' dir='ltr'>periculosissimique</span> <span class='ocrx_word' id='word_1_174' title='bbox 490 2057 556 2114; x_wconf 91' lang='lat' dir='ltr'>belli</span> <span class='ocrx_word' id='word_1_175' title='bbox 578 2057 703 2114; x_wconf 79' lang='lat' dir='ltr'>nefarios</span> <span class='ocrx_word' id='word_1_176' title='bbox 725 2057 811 2115; x_wconf 89' lang='lat' dir='ltr'>duces</span> <span class='ocrx_word' id='word_1_177' title='bbox 833 2065 932 2134; x_wconf 90' lang='lat' dir='ltr'>captos</span> 
     </span>
     <span class='ocr_line' id='line_1_26' title="bbox 93 2136 933 2213; baseline 0 -19"><span class='ocrx_word' id='word_1_178' title='bbox 93 2136 150 2194; x_wconf 87' lang='lat' dir='ltr'>iam</span> <span class='ocrx_word' id='word_1_179' title='bbox 165 2143 194 2194; x_wconf 90' lang='lat' dir='ltr'>et</span> <span class='ocrx_word' id='word_1_180' title='bbox 208 2137 428 2213; x_wconf 89' lang='lat' dir='ltr'>comprehensos</span> <span class='ocrx_word' id='word_1_181' title='bbox 445 2137 556 2208; x_wconf 87' lang='lat' dir='ltr'>tenetis,</span> <span class='ocrx_word' id='word_1_182' title='bbox 569 2137 731 2194; x_wconf 87' lang='lat' dir='ltr'>existimare</span> <span class='ocrx_word' id='word_1_183' title='bbox 748 2137 858 2195; x_wconf 91' lang='lat' dir='ltr'>debetis</span> <span class='ocrx_word' id='word_1_184' title='bbox 873 2157 933 2194; x_wconf 91' lang='lat' dir='ltr'>om-</span> 
     </span>
     <span class='ocr_line' id='line_1_27' title="bbox 93 2217 934 2295; baseline 0 -21"><span class='ocrx_word' id='word_1_185' title='bbox 93 2236 144 2274; x_wconf 93' lang='lat' dir='ltr'>nes</span> <span class='ocrx_word' id='word_1_186' title='bbox 160 2217 300 2274; x_wconf 81' lang='lat' dir='ltr'>Catilinae</span> <span class='ocrx_word' id='word_1_187' title='bbox 317 2217 421 2293; x_wconf 87' lang='lat' dir='ltr'>copias,</span> <span class='ocrx_word' id='word_1_188' title='bbox 437 2236 536 2274; x_wconf 89' lang='lat' dir='ltr'>omnes</span> <span class='ocrx_word' id='word_1_189' title='bbox 555 2236 619 2294; x_wconf 91' lang='lat' dir='ltr'>spes</span> <span class='ocrx_word' id='word_1_190' title='bbox 636 2223 722 2294; x_wconf 91' lang='lat' dir='ltr'>atque</span> <span class='ocrx_word' id='word_1_191' title='bbox 739 2237 808 2295; x_wconf 91' lang='lat' dir='ltr'>opes</span> <span class='ocrx_word' id='word_1_192' title='bbox 823 2218 870 2274; x_wconf 88' lang='lat' dir='ltr'>his</span> <span class='ocrx_word' id='word_1_193' title='bbox 887 2217 934 2274; x_wconf 90' lang='lat' dir='ltr'>de·</span> 
     </span>
     <span class='ocr_line' id='line_1_28' title="bbox 93 2295 933 2373; baseline 0.001 -20"><span class='ocrx_word' id='word_1_194' title='bbox 93 2296 183 2373; x_wconf 90' lang='lat' dir='ltr'>pulsis</span> <span class='ocrx_word' id='word_1_195' title='bbox 197 2297 275 2354; x_wconf 91' lang='lat' dir='ltr'>urbis</span> <span class='ocrx_word' id='word_1_196' title='bbox 288 2296 422 2373; x_wconf 85' lang='lat' dir='ltr'>periculis</span> <span class='ocrx_word' id='word_1_197' title='bbox 436 2297 600 2355; x_wconf 86' lang='lat' dir='ltr'>concidisse.</span> <span class='ocrx_word' id='word_1_198' title='bbox 640 2295 733 2364; x_wconf 83' lang='lat' dir='ltr'>Quem</span> <span class='ocrx_word' id='word_1_199' title='bbox 747 2297 864 2373; x_wconf 89' lang='lat' dir='ltr'>quidem</span> <span class='ocrx_word' id='word_1_200' title='bbox 878 2317 933 2373; x_wconf 82' lang='lat' dir='ltr'>ego</span> 
     </span>
     <span class='ocr_line' id='line_1_29' title="bbox 94 2376 934 2453; baseline 0.001 -21"><span class='ocrx_word' id='word_1_201' title='bbox 94 2395 160 2433; x_wconf 90' lang='lat' dir='ltr'>cum</span> <span class='ocrx_word' id='word_1_202' title='bbox 177 2396 212 2434; x_wconf 87' lang='lat' dir='ltr'>ex</span> <span class='ocrx_word' id='word_1_203' title='bbox 228 2376 297 2433; x_wconf 88' lang='lat' dir='ltr'>urbe</span> <span class='ocrx_word' id='word_1_204' title='bbox 311 2376 461 2452; x_wconf 80' lang='lat' dir='ltr'>pollebam,</span> <span class='ocrx_word' id='word_1_205' title='bbox 472 2376 527 2434; x_wconf 93' lang='grc' dir='ltr'>11οο</span> <span class='ocrx_word' id='word_1_206' title='bbox 544 2376 730 2453; x_wconf 87' lang='lat' dir='ltr'>providebam</span> <span class='ocrx_word' id='word_1_207' title='bbox 747 2376 934 2448; x_wconf 57' lang='grc'><strong>3111031131-</strong></span> 
     </span>
     <span class='ocr_line' id='line_1_30' title="bbox 94 2455 934 2528; baseline 0 -16"><span class='ocrx_word' id='word_1_208' title='bbox 94 2456 170 2528; x_wconf 89' lang='lat' dir='ltr'>rites,</span> <span class='ocrx_word' id='word_1_209' title='bbox 182 2463 293 2514; x_wconf 90' lang='lat' dir='ltr'>remoto</span> <span class='ocrx_word' id='word_1_210' title='bbox 311 2455 435 2513; x_wconf 81' lang='lat' dir='ltr'>Catilina</span> <span class='ocrx_word' id='word_1_211' title='bbox 451 2475 508 2512; x_wconf 92' lang='lat' dir='ltr'>non</span> <span class='ocrx_word' id='word_1_212' title='bbox 525 2456 599 2512; x_wconf 83' lang='lat' dir='ltr'>milri</span> <span class='ocrx_word' id='word_1_213' title='bbox 613 2475 673 2513; x_wconf 89' lang='lat' dir='ltr'>esse</span> <span class='ocrx_word' id='word_1_214' title='bbox 687 2456 719 2512; x_wconf 90' lang='lat' dir='ltr'>P.</span> <span class='ocrx_word' id='word_1_215' title='bbox 732 2455 846 2512; x_wconf 89' lang='lat' dir='ltr'>Lentuli</span> <span class='ocrx_word' id='word_1_216' title='bbox 860 2476 934 2513; x_wconf 89' lang='lat' dir='ltr'>som-</span> 
     </span>
     <span class='ocr_line' id='line_1_31' title="bbox 93 2534 933 2613; baseline -0.001 -21"><span class='ocrx_word' id='word_1_217' title='bbox 93 2554 164 2593; x_wconf 93' lang='lat' dir='ltr'>num</span> <span class='ocrx_word' id='word_1_218' title='bbox 178 2555 230 2594; x_wconf 90' lang='lat' dir='ltr'>nec</span> <span class='ocrx_word' id='word_1_219' title='bbox 245 2535 275 2594; x_wconf 91' lang='lat' dir='ltr'>L.</span> <span class='ocrx_word' id='word_1_220' title='bbox 285 2535 376 2593; x_wconf 84' lang='lat' dir='ltr'>Cassii</span> <span class='ocrx_word' id='word_1_221' title='bbox 390 2536 488 2613; x_wconf 86' lang='lat' dir='ltr'>adipes</span> <span class='ocrx_word' id='word_1_222' title='bbox 501 2555 554 2593; x_wconf 91' lang='lat' dir='ltr'>nec</span> <span class='ocrx_word' id='word_1_223' title='bbox 568 2536 600 2593; x_wconf 82' lang='grc' dir='ltr'>Ο.</span> <span class='ocrx_word' id='word_1_224' title='bbox 611 2534 733 2611; x_wconf 82' lang='lat' dir='ltr'>Cethegi</span> <span class='ocrx_word' id='word_1_225' title='bbox 744 2535 882 2592; x_wconf 82' lang='lat' dir='ltr'>furiosam</span> <span class='ocrx_word' id='word_1_226' title='bbox 894 2541 933 2591; x_wconf 88' lang='lat' dir='ltr'>te-</span> 
     </span>
     <span class='ocr_line' id='line_1_32' title="bbox 94 2615 933 2693; baseline -0.001 -22"><span class='ocrx_word' id='word_1_227' title='bbox 94 2616 255 2673; x_wconf 89' lang='lat' dir='ltr'>meritatem</span> <span class='ocrx_word' id='word_1_228' title='bbox 266 2616 542 2693; x_wconf 69' lang='lat' dir='ltr'>pertimescendam.</span> <span class='ocrx_word' id='word_1_229' title='bbox 565 2615 616 2672; x_wconf 90' lang='lat' dir='ltr'>Ille</span> <span class='ocrx_word' id='word_1_230' title='bbox 631 2622 690 2672; x_wconf 89' lang='lat' dir='ltr'>erat</span> <span class='ocrx_word' id='word_1_231' title='bbox 701 2634 775 2672; x_wconf 91' lang='lat' dir='ltr'>unus</span> <span class='ocrx_word' id='word_1_232' title='bbox 788 2615 933 2672; x_wconf 89' lang='lat' dir='ltr'>timendus</span> 
     </span>
     <span class='ocr_line' id='line_1_33' title="bbox 95 2695 934 2766; baseline 0 -15"><span class='ocrx_word' id='word_1_233' title='bbox 95 2713 129 2751; x_wconf 85' lang='lat' dir='ltr'>ex</span> <span class='ocrx_word' id='word_1_234' title='bbox 146 2695 208 2752; x_wconf 88' lang='lat' dir='ltr'>istis</span> <span class='ocrx_word' id='word_1_235' title='bbox 225 2695 366 2765; x_wconf 89' lang='lat' dir='ltr'>omnibus,</span> <span class='ocrx_word' id='word_1_236' title='bbox 382 2695 433 2752; x_wconf 90' lang='lat' dir='ltr'>sed</span> <span class='ocrx_word' id='word_1_237' title='bbox 448 2702 508 2752; x_wconf 87' lang='lat' dir='ltr'>tam</span> <span class='ocrx_word' id='word_1_238' title='bbox 525 2695 583 2766; x_wconf 89' lang='lat' dir='ltr'>diu,</span> <span class='ocrx_word' id='word_1_239' title='bbox 599 2695 668 2751; x_wconf 93' lang='lat' dir='ltr'>dum</span> <span class='ocrx_word' id='word_1_240' title='bbox 689 2695 767 2752; x_wconf 90' lang='lat' dir='ltr'>urbis</span> <span class='ocrx_word' id='word_1_241' title='bbox 783 2696 934 2752; x_wconf 88' lang='lat' dir='ltr'>moenibus</span> 
     </span>
     <span class='ocr_line' id='line_1_34' title="bbox 95 2774 932 2844; baseline 0.001 -13"><span class='ocrx_word' id='word_1_242' title='bbox 95 2774 301 2832; x_wconf 88' lang='lat' dir='ltr'>continebatur.</span> <span class='ocrx_word' id='word_1_243' title='bbox 334 2774 441 2832; x_wconf 91' lang='lat' dir='ltr'>Omnia</span> <span class='ocrx_word' id='word_1_244' title='bbox 453 2781 544 2844; x_wconf 89' lang='lat' dir='ltr'>norat,</span> <span class='ocrx_word' id='word_1_245' title='bbox 557 2775 685 2831; x_wconf 92' lang='lat' dir='ltr'>omnium</span> <span class='ocrx_word' id='word_1_246' title='bbox 697 2775 792 2831; x_wconf 86' lang='lat' dir='ltr'>aditus</span> <span class='ocrx_word' id='word_1_247' title='bbox 802 2775 932 2832; x_wconf 90' lang='lat' dir='ltr'>tenebat:</span> 
     </span>
     <span class='ocr_line' id='line_1_35' title="bbox 95 2854 933 2931; baseline 0.002 -21"><span class='ocrx_word' id='word_1_248' title='bbox 95 2854 244 2930; x_wconf 90' lang='lat' dir='ltr'>appellare,</span> <span class='ocrx_word' id='word_1_249' title='bbox 254 2861 403 2931; x_wconf 87' lang='lat' dir='ltr'>temptare,</span> <span class='ocrx_word' id='word_1_250' title='bbox 416 2854 566 2911; x_wconf 86' lang='lat' dir='ltr'>sollicitare</span> <span class='ocrx_word' id='word_1_251' title='bbox 580 2861 700 2930; x_wconf 87' lang='lat' dir='ltr'>peterat,</span> <span class='ocrx_word' id='word_1_252' title='bbox 713 2855 851 2912; x_wconf 88' lang='lat' dir='ltr'>audebat:</span> <span class='ocrx_word' id='word_1_253' title='bbox 874 2862 933 2912; x_wconf 89' lang='lat' dir='ltr'>erat</span> 
     </span>
     <span class='ocr_line' id='line_1_36' title="bbox 95 2934 933 3011; baseline 0 -20"><span class='ocrx_word' id='word_1_254' title='bbox 95 2935 121 2991; x_wconf 90' lang='lat' dir='ltr'>ei</span> <span class='ocrx_word' id='word_1_255' title='bbox 136 2934 286 2994; x_wconf 90' lang='lat' dir='ltr'>consilium</span> <span class='ocrx_word' id='word_1_256' title='bbox 301 2935 337 2991; x_wconf 87' lang='lat' dir='ltr'>ad</span> <span class='ocrx_word' id='word_1_257' title='bbox 348 2935 459 2991; x_wconf 86' lang='lat' dir='ltr'>facinus</span> <span class='ocrx_word' id='word_1_258' title='bbox 473 2942 582 3011; x_wconf 85' lang='lat' dir='ltr'>aptum,</span> <span class='ocrx_word' id='word_1_259' title='bbox 598 2935 716 2991; x_wconf 89' lang='lat' dir='ltr'>consilio</span> <span class='ocrx_word' id='word_1_260' title='bbox 731 2942 826 2991; x_wconf 90' lang='lat' dir='ltr'>autem</span> <span class='ocrx_word' id='word_1_261' title='bbox 842 2954 933 3010; x_wconf 91' lang='lat' dir='ltr'>neque</span> 
     </span>
     <span class='ocr_line' id='line_1_37' title="bbox 94 3013 953 3091; baseline -0.013 -21"><span class='ocrx_word' id='word_1_262' title='bbox 94 3013 194 3090; x_wconf 74' lang='lat' dir='ltr'>lingua</span> <span class='ocrx_word' id='word_1_263' title='bbox 206 3033 299 3091; x_wconf 91' lang='lat' dir='ltr'>neque</span> <span class='ocrx_word' id='word_1_264' title='bbox 313 3033 414 3070; x_wconf 88' lang='lat' dir='ltr'>manus</span> <span class='ocrx_word' id='word_1_265' title='bbox 428 3015 534 3072; x_wconf 86' lang='lat' dir='ltr'>deerat.</span> <span class='ocrx_word' id='word_1_266' title='bbox 575 3014 642 3070; x_wconf 83' lang='grc'><strong>13111</strong></span> <span class='ocrx_word' id='word_1_267' title='bbox 656 3014 699 3071; x_wconf 81' lang='lat' dir='ltr'>ad</span> <span class='ocrx_word' id='word_1_268' title='bbox 709 3021 808 3070; x_wconf 69' lang='lat' dir='ltr'>eertss</span> <span class='ocrx_word' id='word_1_269' title='bbox 817 3032 872 3065; x_wconf 70' lang='grc'>133</span> <span class='ocrx_word' id='word_1_270' title='bbox 882 3029 953 3061; x_wconf 64' lang='grc'><strong>333-</strong></span> 
     </span>
     <span class='ocr_line' id='line_1_38' title="bbox 91 3081 982 3160; baseline -0.017 -12"><span class='ocrx_word' id='word_1_271' title='bbox 91 3093 227 3151; x_wconf 79' lang='lat' dir='ltr'>delendas</span> <span class='ocrx_word' id='word_1_272' title='bbox 241 3101 336 3154; x_wconf 91' lang='lat' dir='ltr'>certos</span> <span class='ocrx_word' id='word_1_273' title='bbox 346 3094 486 3155; x_wconf 84' lang='lat' dir='ltr'>homines</span> <span class='ocrx_word' id='word_1_274' title='bbox 501 3095 636 3154; x_wconf 78' lang='lat' dir='ltr'>delectos</span> <span class='ocrx_word' id='word_1_275' title='bbox 650 3113 688 3150; x_wconf 82' lang='lat' dir='ltr'>ac</span> <span class='ocrx_word' id='word_1_276' title='bbox 701 3081 982 3160; x_wconf 57' lang='lat' dir='ltr'>ueseupzosuaw</span> 
     </span>
    </p>
   </div>
   <div class='ocr_carea' id='block_1_3' title="bbox 82 3155 956 3258">
    <p class='ocr_par' dir='ltr' id='par_1_3' title="bbox 82 3155 956 3258">
     <span class='ocr_line' id='line_1_39' title="bbox 82 3155 956 3258; baseline -0.03 -29"><span class='ocrx_word' id='word_1_277' title='bbox 82 3170 155 3242; x_wconf 71' lang='lat' dir='ltr'>bat.=</span> <span class='ocrx_word' id='word_1_278' title='bbox 183 3173 293 3256; x_wconf 87' lang='lat' dir='ltr'>Neque</span> <span class='ocrx_word' id='word_1_279' title='bbox 309 3197 393 3254; x_wconf 87' lang='lat' dir='ltr'>vere,</span> <span class='ocrx_word' id='word_1_280' title='bbox 404 3199 479 3240; x_wconf 89' lang='lat' dir='ltr'>cum</span> <span class='ocrx_word' id='word_1_281' title='bbox 492 3176 619 3258; x_wconf 70' lang='lat' dir='ltr'>aliquid</span> <span class='ocrx_word' id='word_1_282' title='bbox 628 3172 813 3234; x_wconf 71' lang='lat' dir='ltr'>mandarat,</span> <span class='ocrx_word' id='word_1_283' title='bbox 821 3155 956 3216; x_wconf 54' lang='lat' dir='ltr'>essaeos</span> 
     </span>
    </p>
   </div>
   <div class='ocr_carea' id='block_1_4' title="bbox 0 0 1001 3480">
    <p class='ocr_par' dir='ltr' id='par_1_4' title="bbox 0 0 1001 3480">
     <span class='ocr_line' id='line_1_40' title="bbox 0 0 1001 3480; baseline 0 0"><span class='ocrx_word' id='word_1_284' title='bbox 0 0 1001 3480; x_wconf 95' lang='lat' dir='ltr'> </span> 
     </span>
    </p>
   </div>
  </div>
 </body>
</html>
