1988 3480
250 142 329 192 CAP.
347 137 611 203 xxxi-xxxin,
628 140 642 201 ξ
657 143 746 193 86-91.
874 147 919 193 171

80 247 207 306 insidias
250 246 344 304 Aliter
358 246 451 322 perire
466 246 556 324 pestis
570 245 619 303 illa
634 265 693 303 non
707 247 820 323 potuit:
842 267 921 304 num

80 346 169 405 quam
183 326 264 384 illum
279 346 323 383 res
336 326 452 403 publica
465 346 517 383 suo
531 327 591 383 iure
602 332 676 384 esset
689 327 756 384 ulta
792 326 921 400 Senatus,

81 408 176 477 credo,
194 413 355 483 praetorem
379 425 446 463 eum
471 406 744 482 circumscripsisset
787 406 832 464 Ne
856 427 921 464 cum

80 487 192 544 solebat
207 487 324 563 quidem
343 485 373 543 id
390 485 492 556 facere,
504 487 534 542 in
552 486 663 562 privato
684 486 786 543 eodem
803 486 858 544 hoc
875 486 923 544 ali-

83 567 153 643 quid
170 567 338 643 profecerat.
383 571 428 623 89.
447 564 496 621 An
511 564 641 622 consules
657 566 688 622 iu
702 573 831 642 praetore
845 574 924 624 coe'ir-

80 646 174 704 cendo
191 646 282 703 fortes
302 645 445 702 fuissent?
480 645 611 702 Primum
632 645 739 702 Milone
761 645 855 703 occiso
875 646 924 703 ha-

82 725 190 783 buisset
211 745 278 783 suos
298 724 446 782 consules:
475 725 579 782 deinde
603 725 667 802 quis
688 725 718 781 iu
739 744 773 782 eo
793 732 923 802 praetore

81 805 181 862 consul
196 806 280 862 fortis
295 808 376 876 ess‘et,
388 824 439 882 per
454 824 539 882 quem
550 804 697 862 tribunum
708 802 844 862 virtutem
858 825 923 862 eon-

82 884 204 942 sularem
218 885 412 943 crudelissime
423 892 554 942 vexatam
568 904 628 942 esse
639 885 835 943 meminissetl
865 884 923 962 Op

81 965 229 1041 pressisset
241 965 344 1034 omnia,
355 965 521 1043 possideret,
532 970 659 1022 teneret:
680 964 744 1042 lege
757 984 840 1036 nova,
850 984 928 1042 quae,

81 1052 126 1101 est
139 1045 255 1102 invente
268 1045 346 1123 apud
356 1065 422 1103 eum
433 1064 498 1102 curn
513 1044 629 1122 reliquis
643 1043 754 1122 legibus
765 1044 920 1115 Clodianis,

81 1144 177 1181 servos
197 1132 311 1182 nostros
329 1125 447 1182 libertos
464 1144 530 1182 suos
547 1125 677 1182 fecisset:
699 1131 854 1202 postremo,
866 1124 922 1182 nisi

80 1224 147 1261 eum
165 1205 195 1261 di
211 1205 387 1262 immortales
405 1206 434 1262 in
457 1223 520 1261 eam
540 1212 668 1261 mentem
688 1204 877 1282 impulissent,
889 1211 922 1262 ut

81 1283 169 1341 homo
186 1285 368 1341 effeminatus
385 1284 576 1341 fortissimum
594 1284 686 1340 virum
706 1289 857 1340 conaretur
878 1303 923 1341 oc-

80 1364 183 1432 cidere,
199 1364 287 1420 hodie
308 1362 531 1439 rempublicam
552 1362 660 1419 nullam
681 1363 830 1420 haberetis.
874 1369 920 1420 90.

82 1444 130 1498 An
148 1443 195 1499 ille
212 1450 334 1518 praetor,
346 1442 394 1499 ille
410 1461 478 1498 vero
496 1441 603 1513 consul,
619 1442 643 1498 si
660 1442 748 1500 modo
765 1442 835 1500 haec
852 1449 922 1500 tem·

82 1522 130 1598 pla
146 1529 231 1598 atque
247 1522 310 1598 ipsa
325 1522 440 1578 moenia
455 1528 530 1579 stare
547 1540 581 1578 eo
595 1521 661 1578 viro
674 1528 735 1578 tem
749 1522 799 1580 diu
814 1529 843 1580 ct
857 1541 922 1580 con-

82 1602 206 1658 sulatum
221 1601 281 1658 eius
296 1608 457 1678 exspectare
468 1601 636 1678 potuissent,
648 1600 695 1658 ille
707 1601 830 1679 denique
840 1602 921 1659 vivus

82 1681 150 1737 mali
167 1680 239 1737 nihil
254 1681 439 1756 fecissetqui
452 1687 583 1737 mortuus
599 1699 657 1737 uno
672 1700 706 1738 ex
720 1682 779 1738 suis
795 1681 921 1739 satelliti·

82 1760 136 1818 bus
148 1755 225 1834 [Sex.
236 1757 351 1837 Clodio]
363 1760 435 1817 duce
447 1760 554 1817 curiam
564 1760 740 1817 incenderit?
773 1761 838 1830 Quo
850 1761 921 1839 quid

82 1841 221 1912 miserius,
239 1840 309 1918 quid
337 1839 473 1910 acerbius,
493 1840 563 1917 quid
591 1839 748 1898 luctuosius
776 1841 921 1898 vidimusl

81 1919 234 1997 Templum
263 1920 429 1991 sanctitatis,
450 1919 662 1996 amplitudinis,
676 1918 789 1992 mentis,
808 1920 921 1978 consilii

81 2000 197 2076 publici,
208 2007 293 2077 caput
308 1999 394 2071 urbis,
404 2019 481 2058 aram
495 2000 646 2071 sociorum,
659 2006 775 2077 portum
790 2001 920 2058 omnium

80 2080 219 2156 gentium,
235 2080 332 2137 sedem
352 2079 389 2136 ab
405 2078 539 2146 universo
557 2079 665 2157 populo
687 2078 848 2138 concessam
870 2080 920 2138 uni

81 2161 183 2230 ordini,
193 2159 373 2231 inflammari,
384 2159 519 2231 exscindi,
530 2160 688 2218 funestari?
708 2179 800 2237 neque
814 2160 845 2217 id
858 2159 920 2218 fieri

81 2259 98 2294 a
112 2240 296 2297 multitudine
310 2239 451 2315 imperita,
465 2259 638 2316 quamquam
652 2247 725 2297 esset
739 2240 875 2297 miserum
889 2240 920 2297 id

82 2319 185 2394 ipsum,
196 2319 245 2375 sed
256 2319 291 2376 ab
302 2320 379 2374 unol
413 2318 470 2387 Qui
483 2338 549 2375 curn
563 2326 676 2377 tantum
690 2338 775 2376 ausus
789 2320 826 2376 sit
841 2326 921 2377 ustor

82 2416 134 2473 pro
151 2404 274 2469 mortuo,
288 2397 357 2474 quid
372 2398 492 2474 signifer
504 2417 557 2475 pro
572 2399 637 2454 vivo
653 2417 712 2454 non
730 2405 804 2456 esset
817 2400 920 2457 ansusi

83 2475 116 2532 ln
128 2478 233 2534 curiam
245 2478 428 2553 potissimum
443 2477 555 2549 abiecit,
565 2483 598 2534 ut
608 2497 671 2534 eam
685 2484 816 2535 mortuus
826 2478 920 2536 ineen-

83 2555 169 2627 derct,
183 2576 268 2633 quarn
282 2557 363 2614 vivus
380 2564 525 2614 everteret.
569 2563 614 2614 91;
627 2557 666 2614 Et
680 2563 746 2614 sunt
761 2557 811 2634 qui
825 2557 860 2614 de
874 2557 921 2614 via

83 2636 180 2711 Appia
197 2644 358 2713 querantur,
370 2643 483 2694 taceant
499 2636 535 2694 de
552 2637 637 2707 curia,
651 2644 679 2693 et
697 2637 745 2713 qui
760 2636 795 2693 ab
813 2656 847 2694 eo
865 2637 920 2713 spi-

83 2723 162 2772 rante
182 2716 278 2772 forum
299 2723 402 2792 putent
418 2717 546 2794 potuisse
565 2716 690 2787 defendi,
703 2716 784 2773 ouius
804 2736 862 2773 non
879 2735 920 2773 re·

83 2795 188 2851 stiterit
205 2795 335 2852 cadaveri
355 2796 447 2853 curie!
485 2796 624 2867 Excitate,
637 2796 758 2853 excitate
779 2796 882 2872 ipsum,
895 2796 919 2852 si

83 2874 240 2951 potestis,a
259 2877 387 2932 mortuis.
430 2875 576 2952 Frangetis
596 2876 738 2952 impetum
757 2876 919 2947 vivi,.cuius

82 2955 129 3029 vix
147 2954 292 3011 sustinetis
308 2955 397 3011 furias
414 2954 569 3032 insepulti?
610 2954 674 3012 Nisi
688 2974 755 3013 vero
772 2955 919 3013 sustinuis-

82 3034 119 3089 tis
134 3053 190 3103 eos,
204 3034 253 3112 qui
270 3053 335 3090 oum
349 3032 459 3091 facibus
473 3033 510 3091 ad
524 3034 631 3091 curiam
645 3042 836 3107 cucurrerunt,
853 3053 918 3092 oum

82 3112 203 3172 falcibus
217 3114 253 3170 ad
265 3113 398 3183 Castoris,
411 3133 477 3170 oum
487 3112 592 3190 gladiis
602 3121 672 3171 toto
679 3114 943 3184 tenesmum,
989 3114 993 3119 “

82 3191 167 3250 Caedi
180 3193 292 3252 vidistis
306 3193 453 3273 populum
460 3193 650 3263 Romanum,
657 3191 845 3250 contusum
855 3175 973 3246 &RQ
