1988 3480
315 110 394 160 car.
411 109 527 170 111.-v.‚
544 107 649 167 §.s-14.
851 107 899 156 aas

59 211 258 272 decernendae.
301 211 359 270 Sed
379 210 435 268 hoc
455 209 581 287 primum
602 207 716 276 faciam,
728 213 761 263 ut
781 206 900 282 impera·

58 301 135 351 tores
148 292 290 370 appellem
301 310 358 363 eos,
369 309 491 367 quorum
499 289 613 358 virtute,
623 287 752 357 consilio,
762 286 903 343 felicitate

58 373 192 430 maximis
209 370 342 448 periculis
363 369 507 428 servitutis
528 375 613 444 atque
634 366 768 424 interitus
788 364 900 423 liberati

59 472 165 509 sumus.
203 451 319 509 Etenim
334 451 381 508 cui
395 449 498 527 viginti
512 448 558 505 his
571 447 654 505 annis
668 446 839 524 supplicatio
854 445 901 503 de

60 539 138 589 creta
154 537 205 602 est,
217 537 249 588 ut
264 550 323 588 non
337 531 493 607 imperator
506 527 696 606 appellaretur
709 533 759 583 aut
772 525 901 582 minimis

60 611 144 669 rebus
164 611 253 688 gestis
273 617 323 669 aut
342 610 510 688 plerumque
530 607 634 665 nullisl
671 605 764 675 Quam
782 605 819 662 ob
840 624 901 662 rem

61 699 111 748 aut
125 690 295 768 supplicatio
310 690 345 747 ab
360 709 403 759 e0,
414 689 464 765 qui
478 695 545 744 ante
558 687 641 758 dixit,
651 685 829 744 decemeuda
842 704 900 741 nou

60 771 118 837 duit
129 780 179 828 aut
189 771 310 828 usitatus
320 769 413 826 honos
423 766 663 844 pervulgataeque
674 765 842 823 tribuendus
856 764 900 834 iis,

59 849 166 927 quibus
182 851 269 908 etiam
286 850 353 906 novi
368 848 581 924 singularesque
596 846 743 904 debentur.
787 844 823 902 V.
855 850 899 901 la.
919 873 929 935 q

62 930 110 986 An
127 931 150 987 si
168 930 232 1007 quis
248 929 445 1006 Hispanorum
461 935 511 985 ant
527 926 676 984 Gallorum
693 933 742 982 aut
758 924 902 982 'sbrecum

61 1010 138 1068 mille
150 1018 199 1067 aut
207 1009 266 1066 duo
277 1009 356 1066 milia
367 1008 524 1078 occidisset,
533 1006 614 1064 illum
623 1005 676 1063 hae
685 1005 900 1074 consuetudine,

62 1109 134 1167 quae
151 1088 300 1160 increbuit,
311 1089 514 1166 imperatorem
530 1086 686 1164 appellaret
703 1093 834 1142 senatus:
856 1092 902 1142 tot

61 1169 221 1246 legionibus
244 1169 341 1238 caesis,
356 1176 437 1226 tanta
457 1167 644 1225 multitudine
668 1165 795 1222 hostium
817 1165 902 1221 inter·

60 1249 304 1307 fecta—hostium
322 1249 405 1306 dicol
426 1248 475 1316 ita,
487 1248 614 1322 inquam,
625 1244 762 1315 hostium,
773 1244 903 1321 quarrrvis

61 1328 116 1385 hoc
132 1329 180 1386 isti
201 1328 300 1385 hostes
317 1327 468 1385 domestici
485 1327 587 1397 nolint,
600 1324 762 1383 clarissimis
782 1322 903 1381 ducibus

63 1408 305 1484 supplicationum
333 1407 472 1464 honorem
500 1406 667 1476 tribuemus,
686 1403 903 1481 imperatorium

62 1506 167 1544 nomen
192 1487 370 1544 adimemus?
411 1485 526 1554 Quanto
551 1485 628 1542 enim
652 1484 770 1554 honore,
784 1483 902 1553 laetitia,

62 1566 253 1643 gratulatione
270 1567 300 1623 in
317 1566 373 1624 hoc
388 1566 529 1643 templum
543 1563 656 1641 ingredi
672 1563 778 1622 debent
791 1563 833 1620 illi
847 1564 902 1641 ipsi

63 1646 148 1703 huius
162 1646 240 1703 urbis
254 1646 427 1717 liberatores,
437 1665 502 1702 cum
516 1644 650 1702 hesterno
667 1643 713 1701 die
727 1650 844 1720 propter
858 1663 904 1700 eo-

63 1746 127 1783 rum
145 1745 188 1783 res
205 1734 300 1801 gestas
317 1745 363 1783 me
381 1733 514 1783 ovantem
531 1731 560 1781 et
574 1743 663 1801 prope
677 1723 903 1800 triumphantem

64 1805 188 1882 populus
206 1806 353 1863 Romanus
377 1805 407 1862 in
428 1804 604 1882 Capitolium
626 1803 713 1860 domo
735 1804 839 1872 tulerit,
854 1803 904 1859 do

65 1905 144 1942 mum
161 1885 228 1943 inde
245 1885 410 1943 reduxerit:l
449 1888 494 1942 13.
511 1885 539 1941 Is
556 1884 632 1941 enim
650 1883 765 1940 demum
784 1890 827 1940 ost
840 1902 904 1939 mea

65 1966 180 2042 quidem
192 1966 333 2023 sententia
340 1967 432 2023 iustus
441 1963 604 2049 triumphus
614 1982 647 2020 ac
658 1983 747 2034 rems
756 1982 820 2020 cum
831 1962 905 2020 beno

64 2046 99 2102 de
113 2065 142 2103 re
156 2045 271 2122 publica
287 2047 397 2104 meritis
410 2044 609 2103 testimonium
623 2062 641 2100 a
654 2062 793 2100 consensu
807 2043 905 2099 eivita-

64 2125 101 2182 tis
115 2125 206 2183 datur.
245 2125 320 2183 Nam
335 2126 394 2182 sive
408 2125 439 2182 in
453 2123 601 2182 communi
614 2123 721 2199 gaudio
735 2122 835 2200 populi
846 2122 905 2180 Ro

63 2206 142 2261 mani
158 2206 208 2261 uni
228 2204 451 2281 gratulabantur,
462 2222 600 2280 magnum
618 2203 764 2273 iudicium,
777 2202 835 2260 sive
852 2202 904 2260 uni

65 2284 170 2359 gratias
187 2284 318 2360 agebant,
331 2302 365 2340 eo
381 2284 482 2354 maius
494 2284 552 2340 sive
566 2289 728 2359 utrumque,
739 2282 811 2339 nihil
825 2301 905 2358 mag-

65 2362 227 2420 nificentius
241 2362 395 2440 excogitari
408 2369 512 2439 potest.

105 2442 151 2499 Tu
164 2441 252 2519 igitur
266 2443 327 2519 ipse
340 2442 376 2500 de
389 2443 437 2500 tel
457 2442 561 2499 dixerit
575 2441 725 2519 quispiam.
761 2441 903 2518 Equidem

66 2522 181 2592 invitus,
194 2522 245 2579 sed
258 2522 376 2580 iniuriae
390 2522 472 2579 dolor
484 2522 556 2579 facit
569 2541 616 2579 me
630 2527 741 2599 praeter
755 2519 905 2578 consuctu-

67 2601 164 2658 dinem
188 2601 352 2678 gloriosum.
394 2601 499 2659 Nonne
523 2602 591 2659 satis
615 2609 658 2658 est
678 2601 714 2658 ab
738 2600 905 2657 hominibus

67 2681 180 2738 virtutis
194 2681 300 2758 ignaris
313 2681 433 2758 gratiam
448 2681 706 2738 benemerentibus
720 2699 777 2737 non
789 2680 904 2737 referril

68 2759 162 2817 Etiam
184 2761 214 2818 in
235 2780 292 2831 eos,
305 2763 354 2839 qui
370 2770 469 2819 omnes
486 2781 551 2818 suas
569 2780 650 2817 curas
670 2761 699 2816 in
717 2759 905 2836 reipublicae

68 2840 157 2897 salute
171 2839 308 2917 defigunt,
320 2841 479 2917 impensius-
491 2841 598 2897 crimen
613 2839 777 2916 invidiaque
792 2859 906 2917 quaere

19 2939 23 2946 ·
67 2921 132 2976 turl
164 2925 209 2978 14.
222 2920 307 2978 Scitis
319 2921 395 2977 enim
406 2940 458 2997 per
467 2920 521 2977 hos
532 2920 593 2976 dies
604 2919 804 2976 creberrimum
815 2919 906 2976 fuisse
941 2983 945 2989 ,

68 3017 235 3071 sermonem,
247 3019 294 3058 me
308 3000 457 3069 Parilibus,
471 3000 520 3076 qui
534 2999 594 3056 dies
608 2998 695 3056 hodie
709 3006 759 3070 cst,
770 3019 836 3056 cum
850 3000 907 3056 fas-

67 3077 148 3135 cibus
161 3079 370 3137 desoensurum.
414 3078 448 3134 lu
462 3079 584 3154 aliquem
600 3077 685 3135 eredo
699 3079 754 3135 hoc
769 3079 912 3151 gladiator

67 3176 127 3214 rem
147 3165 196 3216 aut
212 3159 353 3216 latronem
375 3165 425 3215 aut
440 3157 603 3215 Catilinam
622 3175 689 3213 esse
704 3155 943 3214 cubatum&
