1988 3480
79 114 94 160 8
190 111 239 160 DE
256 108 408 160 IMPERIO
425 110 479 159 CN.
492 109 645 161 POMPEII
662 110 804 160 ORA'I'IO.

79 232 133 280 ma,
146 211 278 268 fortunae
294 210 482 286 plurimorum
499 211 604 268 civium
622 211 790 269 coniunctae
806 232 873 271 cum
887 235 919 275 rc

78 291 146 368 publ
151 291 193 346 ica
207 289 404 348 defendantur.

119 368 200 427 VIII.
237 376 282 427 20.
300 369 442 438 Quoniam
457 369 493 427 de
506 389 609 447 genere
623 369 691 428 belli
705 370 774 443 dixi,
789 390 866 430 nunc
880 374 918 433 ds

77 449 275 522 magnitudine
298 469 389 526 pauca
410 450 512 508 dicam.
555 450 656 507 Potest
678 451 755 508 enim
775 450 831 509 hoc
849 453 916 527 dici,

77 530 144 586 belli
157 548 247 606 genus
258 548 318 586 esse
329 530 369 586 ita
383 529 579 599 necessarium,
589 536 622 587 ut
633 530 670 587 sit
680 530 845 607 gerendum,
856 551 916 594 non

75 630 136 667 csse
159 610 199 667 ita
221 629 365 686 magnum,
381 617 414 666 ut
436 610 473 667 sit
492 609 758 686 pertimescendum.
801 610 835 668 In
857 632 916 690 quo

76 690 199 746 manime
220 688 406 746 laborandum
428 697 472 746 cst
488 709 524 746 nc
540 689 616 746 forte
633 709 650 746 a
666 689 747 746 vobis
764 710 835 768 quac
853 692 917 750 dili-

74 769 241 843 gentissime
251 769 429 846 providenda
439 775 505 826 suut
514 769 724 826 contemnenda
734 789 793 827 esse
801 771 917 830 videan-

74 857 129 906 tur.
165 848 263 926 Atque
279 855 312 905 ut
327 868 425 904 omnes
442 847 603 924 intelligant
617 868 663 905 me
680 848 710 906 L.
722 849 839 907 Lucullo
853 858 916 910 tan-

75 935 138 984 tum
156 928 301 1004 impertire
318 927 417 998 laudis,
431 935 568 1004 quantum
583 929 653 985 forti
669 929 729 986 viro
746 936 775 986 et
791 930 916 1008 sapienti

75 1006 186 1064 homini
204 1014 233 1063 et
249 1026 355 1083 magno
372 1007 536 1083 imperatori
551 1007 695 1079 debeatur,
708 1009 772 1066 dico
790 1011 850 1067 eius
867 1011 915 1069 ad·

75 1093 162 1143 ventu
178 1087 317 1143 maximas
334 1085 496 1144 Mithridati
513 1088 609 1164 copias
624 1088 757 1146 omnibus
771 1089 854 1147 rebus
871 1110 915 1148 or-

74 1172 156 1223 natas
170 1173 255 1243 atquc
266 1167 417 1224 instructas
428 1167 524 1238 fuisse,
533 1166 689 1245 urbemque
700 1169 786 1226 Asiae
797 1169 914 1228 clarissi-

74 1265 152 1303 mam
166 1247 305 1324 nobisque
319 1247 529 1317 amicissimam,
542 1246 756 1322 Cyzicenorum,
770 1249 913 1308 obsessam

73 1346 134 1383 csse
145 1326 181 1383 ab
192 1327 255 1404 ipso
267 1346 332 1403 rege
345 1327 471 1384 maxima
481 1326 665 1384 multitudine
677 1335 705 1385 et
716 1337 913 1405 oppugnatam

74 1406 330 1477 vehementissime,
349 1426 434 1483 quam
459 1406 489 1464 L.
502 1406 635 1463 Lucullus
658 1407 772 1478 virtute,
791 1409 913 1467 adsidui·

74 1492 142 1557 tate,
158 1487 276 1544 consilio
298 1487 417 1544 summis
438 1487 596 1545 obsidionis
616 1487 749 1564 periculis
769 1488 911 1547 liberarit:

74 1572 121 1624 21.
140 1567 176 1624 ab
193 1567 294 1625 eodem
311 1567 482 1645 imperatore
502 1568 618 1625 classem
636 1588 771 1644 maguam
788 1576 816 1625 et
834 1588 913 1626 orna-

73 1654 142 1719 tam,
159 1667 230 1725 quae
247 1648 368 1705 ducibus
385 1647 555 1706 Sertorianis
576 1648 612 1704 ad
629 1647 742 1703 Italiam
759 1647 855 1704 studio
872 1656 913 1705 at-

75 1746 129 1802 que
144 1728 211 1783 odio
222 1727 399 1784 inflammata
412 1734 564 1803 raperetur,
577 1733 738 1800 superatam
753 1745 812 1781 esse
826 1733 911 1799 atquc

74 1806 252 1880 depressam:
274 1825 392 1879 magnas
403 1805 530 1859 hostium
544 1810 689 1876 praeterea
703 1803 799 1873 copias
813 1803 911 1857 multis

73 1883 189 1958 proeliis
200 1902 260 1939 esse
271 1881 378 1939 deletas
388 1881 620 1956 patefactumque
634 1877 740 1933 nostris
750 1876 911 1954 legionibus

72 1981 133 2017 esse
157 1961 292 2030 Pontum,
312 1961 361 2037 qui
385 1966 468 2016 antea
491 1956 599 2034 populo
623 1955 755 2014 Romano
776 1977 810 2016 ex
832 1961 911 2018 omni

72 2041 154 2097 aditu
171 2040 280 2097 clausus
301 2039 419 2096 fuisset:
441 2038 568 2112 Sinopen
589 2044 675 2115 atque
692 2037 835 2111 Amisum,
852 2042 911 2118 qui·

73 2120 170 2177 busin
188 2119 302 2196 oppidis
319 2126 399 2176 erant
416 2117 561 2175 domicilia
580 2118 664 2195 regis,
677 2119 811 2178 omnibus
827 2122 911 2179 rebus

72 2207 186 2256 ornatas
200 2218 232 2256 ac
246 2199 364 2257 refertas
381 2205 543 2274 ceterasque
557 2197 641 2256 urbes
655 2199 744 2256 Ponti
758 2208 787 2257 ct
801 2200 911 2278 Cappa-

71 2280 175 2337 dociae
184 2279 340 2356 permultas
356 2298 415 2335 uno
433 2277 513 2334 aditu
530 2278 710 2356 adventuque
727 2299 787 2336 esse
804 2289 909 2355 captas,

72 2380 168 2437 regem
183 2359 337 2437 spoliatum
351 2377 439 2435 regno
450 2358 543 2434 patrio
558 2365 643 2434 atque
658 2360 734 2415 avito
749 2359 785 2415 ad
796 2359 867 2415 alios
881 2379 910 2416 se

72 2461 152 2518 reges
169 2448 253 2518 atque
271 2439 308 2496 ad
324 2438 392 2496 alias
408 2445 509 2514 gentes
523 2438 681 2515 supplicem
696 2438 857 2509 contulisse,
871 2445 911 2495 at-

73 2542 127 2598 que
148 2521 217 2578 haec
238 2519 336 2577 omnia
356 2518 439 2575 salvis
455 2518 555 2595 populi
576 2517 700 2575 Romani
721 2517 804 2574 sociis
825 2524 910 2594 atquc

72 2601 191 2677 integris
207 2598 393 2677 vectigalibus
412 2617 473 2656 esse
489 2604 577 2674 gesta.
620 2597 696 2654 Satis
717 2597 820 2673 opinor
840 2597 910 2656 haec

70 2700 131 2737 csse
145 2681 237 2737 laudis
251 2687 336 2757 atque
350 2679 399 2749 ita,
412 2677 545 2748 Quirites,
557 2683 590 2733 ut
603 2676 659 2734 hoc
670 2696 721 2734 vos
734 2677 907 2755 intelligatis,

71 2758 177 2816 anullo
187 2760 317 2829 istorum,
328 2759 377 2836 qui
388 2758 455 2815 huic
467 2757 628 2814 obtrectant
638 2756 695 2833 legi
705 2763 790 2834 atque
801 2777 908 2829 causae,

72 2838 102 2895 L.
118 2838 268 2897 Lucullum
293 2838 424 2895 similiter
448 2856 482 2894 ex
506 2836 562 2893 hoc
585 2835 648 2892 loco
674 2855 732 2892 0000
753 2836 907 2895 laudatum.

72 2918 124 2976 IX.
161 2925 206 2976 22.
223 2918 394 2995 Requiretur
408 2917 528 2973 fortasse
542 2934 617 2971 nunc
633 2934 716 2991 quem
731 2916 908 2986 admodum,

71 3017 137 3054 cum
151 2999 220 3056 haee
234 2999 276 3054 ita
290 2999 356 3068 sint,
368 2996 509 3072 reliquum
523 2995 615 3072 possit
630 3014 765 3072 maguum
780 3015 839 3053 csse
853 2995 910 3051 bel-

71 3076 138 3134 lum.
175 3077 356 3155 Cognoscite,
368 3076 508 3145 Quirites:
531 3094 589 3132 non
601 3075 678 3132 enim
688 3075 743 3133 lroc
756 3077 816 3132 sine
828 3094 910 3130 eausa

72 3157 169 3231 quaeri
189 3158 309 3216 videtur.
352 3156 484 3213 Primum
505 3174 539 3212 ex
560 3175 612 3212 suo
633 3175 721 3233 regno
736 3156 775 3212 sic
800 3154 911 3211 Mithri
