1988 3480
295 114 374 164 cnr.
391 112 518 174 1V.-vr.‚
535 111 549 171 s
565 114 653 161 12-17.
847 114 895 162 aor

45 216 134 275 ‘enim
145 215 278 273 omittam
289 214 369 271 cuius
383 213 457 270 tanti
471 212 583 271 sceleris
596 213 684 271 fuerit
697 213 728 270 in
742 219 896 290 conspeetu

58 296 176 353 deorum
193 295 343 370 penatium
359 311 459 351 necare
475 292 628 370 hospitem,
641 294 720 349 euius
734 299 831 350 tantae
844 293 897 349 im·
913 316 919 325 ·

56 374 242 455 portunitatis
256 373 386 430 omnium
400 373 530 450 gentium
542 379 627 450 atque
639 371 732 428 omnis
742 373 896 430 memoriae

57 454 245 512 clarissimum
261 452 358 510 lumen
380 453 569 529 exstinguere,
582 453 661 510 cuius
682 458 778 509 tantae
796 451 897 508 feroci-

57 534 125 591 tatis
139 534 276 590 vietorem
294 532 370 589 orbis
384 539 523 590 terrarum
537 551 596 588 nou
613 532 803 602 extimescere,
816 531 897 588 cuius

57 621 116 670 tam
131 612 281 670 inhumani
296 619 324 669 et
338 613 443 689 ingrati
457 611 583 682 animia
600 631 657 688 quo
674 631 722 667 rex
739 610 897 687 appellatus

58 700 139 764 esset,
149 693 179 749 in
191 712 225 750 eo
236 698 390 769 tyrannum
401 692 531 762 inveniri,
543 697 576 748 ut
586 691 656 748 haee
668 690 808 760 omittam,
817 690 897 747 cuius

57 773 131 830 tanti
147 773 253 830 furoris
273 773 331 829 fuit
352 792 451 829 omnes
472 790 560 848 reges,
577 789 698 848 quorum
715 769 800 826 multi
817 776 897 826 erant

57 851 181 924 finitimi,
195 871 294 910 omnes
307 852 412 909 liberos
425 851 557 929 populos,
569 869 669 907 omnes
686 850 785 920 socios,
798 868 897 906 omnes

57 932 225 1010 provincias,
241 932 338 989 omnia
354 932 476 1008 denique
498 931 628 987 omnium
650 949 729 986 arma
748 936 848 986 eontra
867 948 897 986 se

58 1031 148 1069 uuum
163 1012 302 1069 excitare?
333 1010 466 1079 Quonam
480 1010 527 1068 ille
540 1010 629 1068 modo
644 1028 709 1066 eum
724 1028 820 1085 regne,
831 1028 897 1066 cum

58 1092 154 1164 domo,
175 1111 240 1151 cum
261 1092 391 1168 coniuge,
410 1111 475 1148 cum
496 1091 641 1148 carissimo
664 1089 723 1146 lilio
746 1088 898 1145 distractus

58 1179 138 1242 esset,
150 1178 232 1230 tanto
247 1170 349 1229 scelere
362 1190 422 1228 non
436 1171 524 1228 modo
538 1171 675 1246 perfeeto,
687 1169 738 1225 sed
752 1169 839 1226 etiam
853 1187 898 1225 eo

57 1252 168 1328 gitatol
208 1251 260 1310 VI.
299 1257 344 1308 16.
360 1251 409 1321 At,
422 1249 602 1320 eredo,lraee
613 1249 701 1305 homo
721 1247 898 1304 inconsultus

58 1338 86 1388 et
102 1331 268 1388 temerarius
285 1350 344 1386 nou
358 1329 480 1386 videbat.
523 1328 594 1396 Quis
611 1327 814 1385 consideratior
829 1326 898 1383 illel

59 1411 123 1486 quis
139 1411 260 1467 rectiori
285 1409 349 1485 quis
365 1408 551 1485 prudentiori
572 1426 745 1483 quamquam
762 1405 816 1463 hoe
833 1406 901 1463 loco·

58 1490 229 1546 Deiotarum
245 1508 305 1546 non
321 1495 381 1545 tam
398 1487 515 1564 ingenio
532 1493 561 1544 et
574 1487 727 1563 prudentia
741 1505 827 1563 quam
841 1484 898 1542 fide

59 1576 88 1626 et
102 1569 239 1644 religione
253 1568 327 1624 vitae
344 1566 558 1624 defendendum
573 1573 652 1642 puto.
695 1565 773 1622 Nota
786 1565 840 1622 tibi
855 1571 898 1622 est

58 1647 184 1705 hominis
195 1647 330 1724 probitas,
341 1646 372 1704 Ο.
382 1646 492 1717 Caesar,
504 1646 567 1711 noti
576 1664 679 1717 mores,
688 1651 758 1701 nota
768 1652 899 1702 constan·

58 1728 107 1785 tia
143 1727 198 1784 Oui
212 1747 306 1803 porro,
317 1727 366 1804 qui
380 1726 468 1783 modo
483 1725 583 1802 populi
594 1725 717 1782 Romani
731 1743 836 1781 nomen
851 1744 899 1781 au·

59 1808 140 1878 divit,
152 1807 282 1864 Deiotari
309 1806 466 1883 integritas,
481 1805 613 1882 gravitas,
629 1805 726 1875 virtus,
741 1803 812 1861 fides
838 1824 897 1861 non

59 1887 157 1944 audita
177 1888 238 1944 esti
279 1885 364 1955 Quod
384 1886 472 1963 igitur
493 1886 606 1943 facinus
627 1904 678 1942 nee
699 1885 730 1940 in
751 1883 898 1942 hominem

58 1967 270 2044 imprudentem
288 1966 400 2023 caderet
414 1971 532 2042 propter
545 1972 654 2022 metum
669 1964 825 2041 praesentis
842 1964 898 2021 exi-

58 2047 101 2119 tii,
110 2066 162 2105 nec
177 2047 207 2103 in
220 2047 422 2125 facinorosum,
433 2046 488 2102 nisi
502 2053 575 2102 esset
585 2045 662 2102 idem
677 2044 896 2115 amentissimus,

58 2127 90 2185 id
103 2147 154 2184 vos
171 2135 199 2184 et
213 2146 230 2183 a
243 2127 304 2183 viro
319 2127 431 2203 optimo
449 2132 478 2182 et
491 2125 526 2182 ab
541 2125 658 2182 homine
674 2125 793 2181 minime
808 2124 898 2181 stulto

59 2207 216 2283 cogitatum
231 2225 293 2263 esse
305 2205 475 2281 confingitis.
520 2205 564 2262 17.
580 2205 622 2262 Α1
636 2224 722 2280 quam
736 2223 795 2261 non
809 2203 897 2261 modo

58 2304 117 2343 non
139 2285 319 2354 credibiliter,
340 2284 390 2341 sed
410 2304 446 2340 no
467 2284 617 2360 suspitiose
639 2284 771 2361 quidem!
813 2282 896 2353 Cum,

59 2365 162 2441 inquit,
174 2365 205 2421 in
222 2363 369 2421 castellum
385 2362 519 2420 Blucium
537 2363 660 2419 venisses
677 2369 706 2420 et
722 2363 840 2419 domum
858 2381 898 2418 re-

60 2445 112 2521 gis,
122 2443 244 2520 hospitis
254 2443 306 2514 tui,
316 2443 490 2514 devertisses,
499 2442 578 2500 locus
592 2448 652 2499 erat
663 2441 787 2518 quidam,
798 2441 828 2497 in
840 2459 896 2517 quo

61 2530 141 2582 erant
161 2542 195 2580 ea
215 2522 381 2599 composita,
394 2522 498 2599 quibus
514 2529 542 2579 te
559 2541 608 2579 rex
626 2540 774 2578 munerare
795 2520 898 2578 consti·

60 2609 161 2661 tuerat.
204 2602 270 2660 Huc
291 2608 320 2658 te
341 2621 356 2658 e
376 2601 487 2672 balne0,
502 2602 581 2678 prius
602 2620 688 2677 quam
709 2599 896 2671 accumberes,

61 2682 163 2740 ducere
177 2681 297 2740 volebat.
333 2681 423 2738 Erant
437 2682 513 2738 enirn
530 2681 639 2752 armati,
653 2681 703 2756 qui
716 2687 745 2737 te
762 2679 898 2737 interfice·
943 2680 948 2691 '

60 2769 132 2833 rent,
145 2763 219 2818 ineo
234 2761 296 2838 ipso
310 2760 374 2818 loeo
388 2761 526 2818 collocati.
569 2759 614 2816 En
628 2761 743 2830 crimen,
756 2778 791 2816 eu
805 2778 897 2831 causa,

62 2861 112 2899 eur
128 2861 224 2918 regem
238 2841 386 2917 fugitivus,
399 2841 549 2898 dominum
563 2855 659 2897 servus
672 2846 792 2896 accuset.
834 2839 897 2916 Ego

62 2941 108 2978 me
119 2920 265 2992 Hercules,
275 2920 385 2993 Caesar,
396 2921 489 2992 initio,
499 2939 565 2977 eum
580 2926 622 2977 est
635 2919 673 2976 ad
686 2939 733 2976 me
747 2919 802 2976 ista
815 2937 899 2975 eausa

63 3000 163 3071 delata,
171 3000 350 3078 Phidippum
360 3001 512 3071 medicum,
521 3019 633 3057 servum
644 3000 763 3076 regium,
773 2999 822 3076 qui
832 3016 904 3055 cum

62 3080 163 3156 legatis
179 3081 282 3137 missus
301 3087 381 3151 esset,
394 3079 430 3137 ab
443 3081 499 3137 isto
515 3080 692 3137 adolescente
707 3098 766 3137 esse
785 3097 900 3146 corrun-

62 3165 133 3232 tum‚
144 3160 198 3218 hac
215 3181 278 3218 sum
300 3161 458 3238 suspitione
478 3177 655 3238 percussus.
669 3147 927 3212 medemnos*
