1988 3480
57 131 105 177 llo
203 129 272 180 PRO
290 130 320 179 T.
335 128 449 177 ANNIO
467 128 605 177 MILONE
623 129 763 178 ORATIO.

55 251 129 300 rum,
138 249 210 307 quos
227 230 259 287 P.
270 229 364 286 Clodii
383 230 463 286 furor
477 229 583 306 rapinis
597 235 626 285 ct
640 229 778 285 incendiis
793 239 822 287 et
836 251 895 287 om-

56 311 141 367 nibus
158 310 252 367 exitiis
266 309 387 386 publicis
401 310 497 387 pavit:
520 310 568 385 qui
584 309 714 365 hesterna
729 311 814 366 etiam
830 331 896 367 cou—

57 392 135 446 tione
151 390 260 446 incitati
276 397 349 459 sunt,
360 396 393 446 ut
407 388 488 445 vobis
499 408 568 445 voce
582 389 724 466 praeirent
740 391 809 466 quid
824 392 896 447 iudi-

53 470 165 526 caretis.
208 469 337 537 Quorum
355 469 461 525 elamor
482 469 506 524 si
528 470 576 545 qui
597 470 673 526 forte
690 470 785 541 fuerit,
798 472 896 527 admo-

56 568 123 606 nere
140 569 190 605 vos
207 549 330 620 debebit,
345 556 376 606 ut
395 568 461 606 curn
482 549 573 606 civem
590 550 743 619 retineatis,
755 552 805 627 qui
825 571 897 607 scm-

55 649 108 706 per
121 649 211 706 genus
225 629 297 686 illud
306 629 457 685 hominum
473 629 665 706 clamoresque
677 632 817 687 maximos
827 649 895 706 prae

57 717 150 766 vestra
164 710 253 766 salute
270 708 402 785 neglexit.
447 714 473 767 4.
490 708 583 777 Quam
600 709 637 765 ob
653 729 712 765 rern
727 710 823 766 adeste
837 711 896 765 ani-

55 790 120 859 mis,
137 790 251 860 iudices,
268 797 296 846 et
315 789 448 846 timorem
470 790 595 865 siquem
616 789 728 845 habetis
750 789 892 865 deponite.
920 790 922 795 ⁴

58 868 132 925 Nam
154 870 177 924 si
199 888 335 945 umquam
357 869 392 925 de
413 869 497 925 bonis
518 877 546 926 et
563 868 687 924 fortibus
706 869 781 937 viris,
794 869 817 925 si
834 889 896 925 um-

55 968 143 1025 quam
162 949 197 1004 dc
218 947 290 1004 benc
311 949 421 1005 meritis
445 948 554 1005 civibus
574 955 700 1025 potestas
722 948 803 1004 vobis
823 948 896 1005 iudi·

54 1028 141 1085 candi
156 1028 219 1098 fuit,
233 1028 256 1083 si
271 1028 393 1105 denique
410 1049 546 1105 umquam
561 1029 639 1084 locus
653 1028 895 1106 amplissimorum

56 1108 191 1164 ordinum
210 1107 325 1165 delectis
342 1109 409 1165 viris
430 1109 513 1165 datus
534 1117 584 1178 est,
597 1116 630 1165 ut
647 1128 697 1165 sua
718 1109 812 1165 studia
829 1128 896 1184 erga

57 1188 148 1244 fortes
165 1195 193 1245 et
207 1187 298 1244 bonos
316 1188 398 1258 cives,
409 1208 480 1265 quae
495 1188 575 1245 vultu
592 1196 621 1245 et
635 1188 729 1244 verbis
743 1208 826 1265 saepe
841 1189 897 1265 sig-

55 1267 227 1338 nificassent,
240 1288 269 1324 re
286 1274 316 1325 et
332 1269 480 1325 sententiis
497 1268 679 1338 declararent,
691 1269 746 1325 hoe
763 1269 895 1345 profecto

56 1355 187 1424 tempore
201 1367 263 1405 cam
278 1355 449 1424 potestatem
467 1368 581 1405 omnem
596 1368 647 1404 vos
664 1348 782 1417 habetis,
796 1356 828 1405 ut
842 1355 897 1405 sta·

54 1429 146 1484 tuatis
162 1435 258 1485 utrum
276 1448 336 1498 nos,
348 1428 398 1504 qui
415 1447 526 1505 semper
542 1436 651 1484 vestrae
668 1429 831 1485 auctoritati
850 1428 896 1485 de-

55 1506 113 1562 diti
128 1508 244 1578 fuimus
257 1527 368 1584 semper
384 1507 480 1564 miseri
494 1508 642 1584 lugemus
656 1527 692 1564 an
707 1509 755 1564 diu
772 1509 864 1565 vexati
880 1529 897 1565 a

55 1586 257 1663 perditissimis
278 1587 386 1644 civibus
408 1588 560 1664 aliquando
585 1607 635 1664 per
652 1607 702 1644 vos
722 1607 754 1644 ac
779 1608 830 1665 per
853 1609 897 1645 ve·

57 1674 146 1723 stram
163 1667 258 1738 fidem,
271 1668 405 1724 virtutem
424 1668 649 1744 sapientiamque
666 1687 830 1725 recreemur.
869 1675 894 1727 5.

58 1745 138 1815 Quid
159 1748 234 1804 enim
258 1747 342 1804 nobis
367 1747 487 1818 duobus,
504 1748 618 1818 iudices,
634 1748 810 1819 laboriosius,
827 1749 897 1825 quid

55 1828 151 1903 magis
168 1826 328 1896 sollicitum,
339 1828 431 1903 magis
449 1829 603 1884 exereitum
622 1828 678 1885 dici
696 1836 745 1884 aut
762 1827 833 1905 fingi
847 1849 898 1906 po·

56 1913 123 1976 test,
132 1907 182 1982 qui
193 1925 241 1982 spe
252 1906 491 1982 amplissimorum
503 1908 693 1982 praemiorum
709 1909 745 1964 ad
756 1928 816 1964 rom
827 1909 898 1985 pub·

59 1986 142 2042 licam
167 1986 282 2063 adducti
304 1993 384 2042 metu
408 1986 667 2045 crudelissimorum
692 1989 897 2064 suppliciorum

58 2084 152 2121 carere
166 2084 224 2120 non
235 2067 405 2140 possumusl
439 2065 581 2143 Equidem
597 2075 702 2125 ceteras
713 2074 898 2145 tempestates

58 2152 89 2201 et
105 2143 242 2220 procellas
259 2145 288 2200 in
310 2144 365 2202 illis
383 2145 451 2202 dum
473 2153 553 2204 taxat
573 2147 707 2204 fiuctibus
728 2149 897 2205 contionum

55 2244 171 2300 semper
190 2224 289 2300 putavi
310 2224 411 2282 Miloni
432 2245 492 2284 esse
514 2227 683 2298 subeundas,
700 2228 766 2304 quia
787 2248 898 2305 semper

55 2314 111 2382 pro
128 2304 211 2360 bonis
228 2312 327 2361 contra
343 2305 489 2382 improbos
511 2315 643 2379 senserat,
656 2308 685 2364 in
706 2308 813 2365 iudicio
830 2327 897 2365 vero

56 2391 88 2440 et
103 2385 132 2440 in
147 2403 181 2442 ee
193 2384 320 2455 consili0,
333 2385 362 2441 iu
377 2405 434 2462 quo
449 2406 483 2443 ex
498 2389 608 2444 cunctis
622 2387 771 2444 ordinibus
785 2388 899 2464 amplis-

55 2465 124 2521 simi
135 2465 188 2521 viri
202 2465 367 2537 iudicarent,
380 2487 538 2544 numquam
549 2468 708 2525 existimavi
719 2487 798 2544 spem
811 2468 897 2524 ullam

58 2563 119 2601 esse
140 2545 288 2602 habituros
305 2545 421 2603 Milonis
442 2547 574 2604 inimicos
595 2548 708 2604 adeius
729 2567 787 2604 non
809 2547 898 2603 modo

58 2625 178 2682 salutern
196 2625 440 2702 exstinguendam,
454 2627 503 2684 sed
520 2628 606 2684 etiam
624 2627 744 2703 gloriam
761 2647 812 2703 per
828 2627 898 2683 tales

61 2705 135 2761 ¹ciros
158 2705 378 2782 infringendam.
423 2713 448 2764 6.
469 2705 650 2783 Quamquam
675 2707 705 2762 in
730 2707 783 2764 hae
803 2726 896 2774 eausa,

56 2784 175 2854 iudices,
191 2784 222 2842 Τ.
235 2786 326 2843 Annii
348 2787 504 2856 tribunatu,
522 2786 662 2864 rebusque
687 2787 820 2844 omnibus
845 2806 897 2863 pro

59 2864 149 2921 salute
164 2865 204 2922 rei
218 2866 348 2941 publicae
362 2868 450 2943 gestis
464 2867 501 2923 ad
515 2866 600 2924 huius
616 2868 743 2924 criminis
757 2867 898 2924 defensio·

60 2963 125 3000 nem
151 2965 208 3001 nou
234 2946 391 3003 abutamur.
435 2946 498 3002 Nisi
521 2947 610 3003 oculis
632 2948 760 3004 videritis
781 2947 897 3002 insidias

60 3023 162 3080 Miloni
187 3045 204 3081 a
225 3025 327 3082 Clodio
349 3026 446 3096 factas,
465 3046 516 3083 nee
541 3027 718 3103 deprecaturi
743 3047 849 3096 sumus,
864 3033 898 3084 ut

59 3103 168 3160 crimen
189 3105 244 3161 hoe
269 3106 351 3162 nobis
375 3113 492 3183 propter
512 3106 604 3163 multa
623 3107 765 3184 praeclara
785 3107 815 3162 in
837 3125 897 3162 rem

43 3183 197 3252 publicam
221 3185 327 3243 merita
351 3185 532 3259 condonetis,
546 3205 600 3244 nee
619 3186 804 3263 postulaturi,
814 3192 860 3253 ut,
872 3185 901 3240 si
