1988 3480
72 116 104 163 411
235 116 275 165 IN
292 117 322 166 L.
339 115 543 166 CATILINAM
559 115 695 166 ORATIO
711 115 747 165 11.

73 224 105 274 ut
122 217 398 295 importunissimum
419 217 551 275 bostem?
572 218 640 295 quin
661 217 748 275 otiam
768 217 922 297 principes

72 297 133 353 eius
150 297 257 354 ordinis
273 305 383 374 partem
400 298 478 355 illam
496 298 701 367 subselliorum,
713 297 750 354 ad
764 317 852 375 quam
868 299 921 359 ille

72 384 233 449 accesserat,
254 378 361 435 nudam
388 386 473 455 atque
497 378 611 434 inanem
638 378 821 455 reliquerunt.
867 386 918 439 13.

72 457 129 514 llic
146 477 199 534 ego
213 457 367 515 vehemens
380 458 426 515 ille
443 457 551 528 consul,
564 458 612 533 qui
627 457 714 514 verbo
730 457 806 514 cives
820 458 852 515 iu
869 478 920 517 ex·

73 538 168 595 silium
179 537 270 609 eiicio,
280 537 405 614 quaesivi
415 556 432 595 a
442 537 566 595 Catilina
576 538 606 593 in
617 544 759 594 nocturno
769 544 918 597 conventu

72 619 150 696 apud
173 617 212 676 M.
231 618 350 676 Laecam
378 617 480 675 fuisset
506 636 603 674 necne.
648 617 723 674 Cum
747 616 803 687 ille,
823 617 918 676 homo

72 698 285 768 audacissimus,
293 696 468 754 conscicntia
478 697 632 768 convictus,
640 697 735 774 primo
744 696 917 770 reticuisset,

73 779 196 854 patefeci
209 784 319 835 cetera:
341 777 412 853 quid
425 795 459 834 ca
471 784 555 835 nocte
569 777 680 854 egisset,
692 777 762 854 quid
775 776 804 832 in
819 778 918 854 prexi-

73 876 150 914 mam
172 857 375 927 constituisset,
394 876 479 933 quem
500 856 537 913 ad
556 857 676 914 modum
699 862 773 914 esset
793 857 819 913 ei
839 858 917 915 ratio

73 937 164 994 1111111
182 936 250 994 belli
266 936 409 1013 descripta
427 936 536 994 edocui.
579 936 654 994 Cum
671 937 917 1007 haesitantem

73 1023 224 1087 teneretur,
241 1015 366 1092 quaesivi
386 1016 455 1094 quid
474 1016 617 1074 dubitaret
635 1017 777 1094 proficisci
796 1035 838 1089 oo,
855 1036 917 1094 quo

74 1097 131 1153 iam
153 1097 265 1173 pridem
287 1103 406 1173 pararet,
426 1116 492 1154 cum
514 1116 600 1168 arma,
619 1117 685 1154 cum
709 1115 826 1167 secures,
847 1115 917 1155 cum

74 1177 173 1245 fascea,
193 1195 259 1233 cum
280 1176 373 1247 tubas,
394 1196 459 1234 curn
482 1177 564 1253 sigua
585 1177 726 1247 militaria,
747 1195 813 1233 cum
835 1177 917 1253 aqui·

75 1256 131 1313 lam
145 1256 222 1313 illam
237 1262 409 1334 argenteam,
422 1257 469 1314 cui
482 1257 528 1313 ille
543 1257 629 1313 etiam
646 1256 804 1314 sacrarium
813 1256 917 1316 domui

74 1356 141 1394 suae
154 1337 269 1409 fecerat,
281 1337 381 1394 scirem
396 1356 456 1394 esso
470 1336 661 1413 praemissam.
706 1342 751 1394 14.
774 1335 808 1393 In
823 1336 916 1395 exsili·

75 1437 123 1473 um
145 1417 301 1487 eiicicbam,
317 1436 402 1494 quem
423 1417 479 1472 iam
499 1415 657 1492 ingressum
678 1435 738 1473 esse
757 1416 788 1473 in
806 1415 915 1475 bellum

75 1496 226 1554 videbaml
266 1497 390 1568 Etenim,
403 1497 496 1568 cred0,
508 1495 631 1554 Manlius
645 1496 699 1553 istc
713 1497 851 1570 centurio,
863 1497 917 1574 qui

75 1577 105 1633 iu
121 1596 190 1654 agro
208 1577 363 1634 Faesulano
383 1585 474 1635 castra
489 1577 595 1654 posuit,
610 1576 717 1634 bellurn
733 1576 841 1654 populo
857 1576 917 1635 Re-

74 1677 161 1714 mano
183 1677 235 1715 suo
257 1657 374 1715 nomine
394 1657 507 1729 indixit,
525 1664 555 1715 11
575 1657 624 1714 illa
645 1664 736 1714 castra
757 1676 833 1715 nunc
855 1675 916 1716 non

75 1737 228 1795 Catilinam
246 1739 349 1795 ducem
365 1743 531 1813 exspectant
547 1744 577 1794 et
590 1737 637 1794 ille
653 1738 760 1795 ciectus
776 1737 807 1794 in
823 1737 917 1795 exsili·

76 1837 125 1873 um
145 1837 174 1874 se
193 1817 357 1887 Massiliam,
372 1823 405 1873 ut
424 1817 512 1887 aiunt,
527 1835 586 1872 non
602 1818 633 1873 in
650 1817 719 1875 haec
738 1824 831 1876 castra
848 1836 917 1875 con·

76 1897 156 1952 feret.

116 1974 183 2032 VII.
206 1973 233 2032 Ο
250 1974 448 2032 condicionem
464 1974 597 2032 miseram
614 1995 672 2032 non
689 1975 777 2033 modo
794 1975 917 2034 admini-

76 2054 333 2125 strandae,veru1n
358 2053 444 2110 etiam
472 2056 679 2113 conservandae
702 2057 744 2113 111
767 2057 915 2134 publicae!

77 2134 196 2192 Nunc
175 2154 199 2191 11
213 2133 243 2191 L.
254 2133 309 2191 Cat
310 2133 379 2190 ilina
392 2133 525 2206 consiliis,
535 2135 687 2207 laboribus,
698 2137 830 2213 periculis
844 2136 916 2194 111111

76 2213 277 2271 circumclusus
298 2233 330 2270 ac
351 2212 451 2270 debilit
439 2220 515 2271 tatus
536 2215 612 2273 subit
600 2222 631 2273 11
651 2217 839 2293 pertimuerit,
855 2236 917 2274 sen-

75 2293 196 2351 tentiam
219 2294 380 2365 mutaverit,
401 2294 556 2351 deseruerit
578 2315 652 2367 suos,
673 2298 825 2354 consilium
848 2284 916 2354 belli

51 2395 54 2401 ¹
75 2373 201 2431 faciendi
218 2373 359 2444 abiecerit,
375 2393 409 2430 ex
425 2373 481 2431 hoc
500 2393 584 2432 1111111
602 2377 714 2435 11111111
733 2384 762 2435 11
778 2377 845 2435 belli
861 2376 916 2433 iter

76 2454 112 2510 ad
123 2455 223 2532 fugam
237 2460 266 2512 at
268 2473 322 2547 que
333 2454 362 2510 in
374 2453 504 2511 exsilium
519 2458 697 2529 converterit,
707 2476 766 2513 non
777 2457 824 2514 ille
838 2475 855 2512 a
868 2474 916 2512 me

77 2534 214 2610 spoliatus
235 2534 320 2592 armis
341 2534 482 2625 audaciae,
498 2553 556 2591 non
574 2536 789 2614 obstupefactus
805 2556 838 2593 ac
854 2553 917 2612 per·

76 2614 191 2671 territus
204 2634 269 2672 mea
282 2613 439 2690 diligentia,
450 2634 510 2672 non
525 2615 561 2672 do
575 2634 627 2706 spe
644 2622 804 2707 conatuque
819 2614 917 2692 depul-

77 2711 133 2763 sus,
149 2693 199 2750 sed
215 2694 427 2786 indemnatus,
420 2714 557 2752 mnocens
574 2695 604 2751 in
623 2695 798 2752 exsilium
774 2701 846 2753 11111
848 2714 881 2751 us
899 2713 917 2750 a

77 2772 234 2830 consule
209 2793 237 2829 vr
254 2780 282 2831 11
298 2774 385 2831 minis
402 2794 462 2832 csse
479 2775 597 2845 dicetur,
613 2781 642 2832 11
659 2783 741 2832 erunt
758 2775 808 2852 qui
824 2775 914 2845 illum,

77 2853 101 2908 si
117 2852 173 2909 hoc
189 2852 297 2924 feeerit,
309 2873 368 2911 non
385 2853 559 2931 improbum,
572 2854 622 2911 sed
637 2856 780 2925 miserum,
792 2874 840 2911 me
856 2873 915 2910 non

77 2932 328 3010 diligentissimum
345 2935 499 3005 consulem,
512 2933 562 2990 sed
579 2934 803 2991 crudelissimum
821 2942 916 3010 tyran-

77 3032 147 3069 num
162 3014 317 3071 existimari
327 3014 432 3071 velint!
470 3019 514 3070 15.
536 3013 587 3070 Est
601 3014 674 3070 mihi
687 3016 768 3085 tanti,
781 3015 914 3084 Quirites,

76 3092 162 3150 huius
178 3094 302 3151 invidiae
319 3093 406 3151 falsae
423 3100 509 3171 atquc
525 3093 640 3170 iniquae
656 3102 861 3171 tempestatem
875 3112 922 3146 su-

77 3171 142 3243 birc,
156 3173 225 3232 dum
241 3173 362 3232 medea
377 3173 458 3234 vobis
476 3173 564 3233 huius
578 3173 732 3232 horribilis
743 3171 821 3226 belli
836 3187 871 3222 ac
886 3183 937 3218 111

929 3262 961 3293 be

237 3301 265 3330 α.
