1988 3480
252 117 751 182 cnr.xxv11n,xxuc,§reao.
882 123 929 171 rcr

90 219 168 278 mine
181 219 291 294 furioso
306 219 384 297 quod
398 219 442 276 ius
458 225 611 296 perpetuae
624 218 811 295 possessionis
825 218 930 278 habere

89 299 269 377 potuissentl
664 298 666 302 ’

130 378 244 436 XXIX.
261 378 289 435 N
290 399 328 435 on
342 379 439 448 timeo,
452 378 568 450 iudices,
580 399 615 436 ne
630 378 697 436 odio
712 378 928 436 inimicitiarum

89 479 216 517 mearum
228 457 420 522 inflammatus
434 458 568 515 libentius
578 458 648 516 baec
662 458 691 515 in
703 458 782 515 illum
799 478 929 517 evomere

90 539 186 596 videar
203 558 288 620 quam
306 538 406 595 verius.
449 538 564 594 Etenim
586 538 640 595 etsi
660 538 846 614 praecipuum
868 558 928 596 esse

90 618 220 689 debebat,
232 625 328 674 tamen
346 617 386 674 ita
403 617 563 674 communis
580 623 640 674 erat
657 617 786 674 omnium
804 617 851 675 illc
864 618 930 675 bos-

90 698 135 768 tis,
147 705 180 755 ut
196 698 226 754 in
244 696 389 754 communi
407 697 474 754 odio
491 715 582 772 paene
602 696 756 774 aequaliter
773 705 930 755 versaretur

90 778 188 835 odium
213 797 318 834 meum.
361 776 427 834 Non
450 783 547 853 potest
571 777 628 834 dici
652 777 727 847 satis,
748 796 784 833 nc
808 776 927 853 cogitari
963 838 966 843 ,

90 858 214 934 quidem,
225 864 363 934 quantum
379 857 408 914 in
423 856 473 914 illo
490 855 608 927 sceleris,
620 863 758 933 quantum
774 856 853 914 exitii
868 857 929 914 fue

89 938 133 994 rit.
178 937 223 994 79.
246 937 322 1006 Quin
344 937 383 994 sic
404 936 554 1007 attendite,
566 936 682 997 iudices.
725 935 837 1013 Nempe
858 935 928 994 haec

89 1023 132 1074 est
146 1017 275 1094 quaestio
291 1017 327 1074 de
340 1018 458 1074 interitu
473 1016 505 1074 P.
517 1016 620 1074 Clodii.
657 1016 770 1093 Fingite
784 1015 928 1073 animis—

88 1096 191 1154 liberae
206 1105 273 1154 sunt
283 1097 360 1154 enim
372 1104 485 1169 nostrae
500 1097 690 1173 cogitationes
704 1104 733 1154 ct
744 1116 815 1173 quac
827 1096 928 1154 volunt

88 1177 127 1233 sic
138 1178 293 1248 intuentur,
305 1184 338 1235 ut
349 1197 382 1235 ea
392 1178 541 1247 cemimus
554 1196 626 1253 quae
638 1176 814 1246 videmus-,
827 1174 927 1252 fingite

87 1256 175 1332 igitur
185 1258 361 1333 cogitatione
376 1257 531 1331 imaginem
542 1256 629 1312 huius
639 1255 817 1312 condicionis
830 1274 926 1313 meae:

87 1338 111 1391 si
128 1337 235 1412 possim
257 1336 365 1393 efficere
387 1344 419 1393 ut
436 1335 573 1392 Milonem
595 1334 756 1405 absolvatis,
772 1334 886 1405 sedita,
903 1336 927 1392 si

88 1415 120 1471 P.
137 1416 255 1472 Clodius
280 1416 419 1472 revixerit.
443 1459 449 1471 .
472 1459 478 1471 .
502 1459 508 1471 .
531 1414 609 1483 Quid
630 1413 710 1470 vultu
735 1414 927 1473 extimuistis?

88 1514 212 1570 quonam
229 1495 318 1550 modo
335 1494 381 1551 ille
395 1513 446 1550 vos
460 1494 541 1550 vivus
555 1493 697 1563 adficeret,
710 1512 782 1569 quos
797 1501 928 1551 mortuus

87 1574 165 1630 inani
179 1573 353 1650 cogitatione
364 1573 521 1650 percussit?
555 1572 650 1640 Quidl
671 1573 693 1629 si
705 1573 766 1649 ipse
781 1571 832 1630 Cn.
841 1572 927 1631 Pom-

87 1654 175 1729 peius,
192 1653 241 1730 qui
262 1672 295 1710 ca
315 1653 421 1724 virtute
442 1672 474 1710 ac
491 1653 609 1709 fortuna
629 1660 679 1723 cst,
695 1659 728 1710 ut
748 1671 781 1709 ea
799 1654 926 1728 potuerit
973 1674 976 1681 ·

87 1753 205 1809 semper,
219 1752 290 1809 quae
312 1752 397 1790 nemo
419 1739 531 1809 praeter
551 1732 640 1803 illum,
653 1733 675 1789 si
693 1733 725 1803 is,
738 1732 864 1808 inquam,
876 1752 927 1809 po-

86 1813 187 1870 tuisset
201 1821 251 1870 aut
267 1813 463 1889 quaestionem
478 1813 513 1869 dc
527 1820 619 1870 morte
633 1812 666 1870 P.
677 1812 773 1883 Clodii
787 1812 861 1869 ferre
876 1821 926 1870 aut

86 1893 179 1969 ipsum
194 1893 230 1950 ab
242 1893 340 1950 inferis
355 1893 485 1963 excitare,
498 1901 594 1949 utrum
604 1892 714 1968 putatis
723 1891 822 1968 potius
835 1891 926 1950 factu-

85 1991 148 2030 rum
162 1973 270 2030 fuisset
304 1973 399 2030 Etiam
412 1973 435 2030 si
449 1979 568 2049 propter
581 1972 736 2029 amicitiam
748 1971 833 2029 vellet
843 1971 924 2030 illum

85 2051 120 2109 ab
130 2053 230 2111 inferis
241 2072 365 2123 evocare,
375 2060 493 2130 propter
503 2071 563 2109 rem
574 2052 719 2129 publicam
730 2071 788 2109 non
799 2052 923 2111 fecisset.

84 2132 153 2190 Eius
167 2134 255 2210 igitur
269 2134 370 2190 mortis
387 2133 492 2190 sedetis
505 2131 619 2204 ultores,
632 2132 712 2189 cuius
727 2133 815 2190 vitam
833 2132 857 2190 si
873 2152 925 2209 pu-

84 2212 151 2270 tetis
161 2232 212 2289 per
223 2233 273 2269 vos
283 2213 394 2270 restitui
406 2231 497 2288 posse,
510 2211 616 2282 nolitis,
626 2220 655 2269 et
666 2213 701 2269 de
713 2212 773 2269 eius
787 2231 855 2269 nece
866 2212 926 2270 lata

85 2292 213 2368 quaestio
228 2299 278 2362 est,
292 2292 375 2368 quisi
390 2292 489 2348 eadem
499 2292 562 2368 lege
573 2292 737 2349 reviviscere
748 2299 853 2368 posset,
866 2291 924 2349 lata

84 2370 128 2427 lex
143 2390 299 2448 numquam
314 2378 394 2428 esset.
431 2371 527 2428 Huius
541 2390 608 2447 ergo
620 2370 788 2428 interfector
801 2371 825 2428 si
840 2381 922 2442 esset,
960 2427 963 2432 .

84 2451 114 2507 in
135 2450 298 2508 confitendo
318 2451 355 2508 ab
371 2451 442 2508 iisne
459 2470 581 2528 poenam
599 2451 720 2521 timeret,
737 2469 809 2526 quos
825 2450 924 2508 libera

83 2530 186 2587 vissetl
218 2537 263 2587 80.
276 2529 376 2588 Graeci
388 2530 519 2587 homines
529 2530 649 2586 deorum
658 2529 781 2588 honores
792 2529 922 2586 tribuunt

84 2609 119 2666 iis
139 2610 214 2680 viris,
231 2610 280 2687 qui
304 2617 441 2687 tyrannos
465 2616 644 2674 necaverunt.
683 2609 762 2678 Quae
787 2628 840 2684 ego
863 2609 922 2666 vidi

83 2689 223 2746 Athenis!
241 2709 312 2766 quac
323 2689 389 2746 aliis
403 2690 432 2747 in
445 2689 724 2747 urbibus-Graeciae!
743 2709 812 2766 quas
826 2708 870 2746 res
881 2688 922 2745 di·

83 2769 163 2824 vinas
179 2768 283 2826 talibus
299 2769 445 2827 institutas
459 2770 543 2826 viris!
566 2789 638 2846 quos
654 2776 761 2838 cantus,
775 2787 847 2845 quac
864 2787 922 2826 car-

82 2848 179 2904 mina!
207 2867 296 2924 prope
324 2849 361 2906 ad
384 2848 610 2906 immortalitatis
637 2855 666 2905 et
694 2847 861 2924 religionem
891 2854 922 2905 et

81 2927 248 2983 memoriam
268 2935 474 2986 consecrantur.
517 2928 579 2986 Vos
599 2927 673 2984 tanti
692 2934 920 2984 conservatorem

81 3007 190 3083 populi,
205 3007 278 3063 tanti
299 3006 411 3064 sceleris
430 3008 553 3064 ultorem
574 3026 632 3063 non
654 3007 741 3064 modo
763 3006 921 3064 honoribus

81 3087 166 3143 nullis
183 3085 329 3157 adficietis,
345 3087 394 3144 sed
412 3087 498 3144 etiarn
515 3087 552 3144 ad
566 3086 741 3164 supplicium
756 3086 928 3159 rapiqat'xe·

80 3167 171 3224 minil
205 3159 962 3242 eonfiteretur,condendissimas,strems«
