1988 3480
102 115 134 162 42
265 112 304 160 IN
322 112 351 161 L.
368 110 571 161 CATILINAM
589 110 723 160 ORATIO
740 110 775 161 11.

103 212 213 281 extulit,
225 211 303 288 quod
316 211 388 268 vivis
400 211 485 268 nobis
499 231 626 288 egressus
641 218 691 282 est,
702 210 780 289 quod
793 211 820 268 ei
834 212 949 271 ferrum

103 312 119 349 e
139 291 272 348 manibus
293 292 471 362 extorsimus,
490 292 568 368 quod
588 291 745 348 incolumes
765 291 848 363 cives,
866 293 950 369 quod

104 377 227 428 stantem
238 370 339 428 urbem
350 370 472 449 reliquit,
482 378 588 448 quanto
599 371 714 428 tandem
725 370 805 428 illum
817 391 949 431 maerore

104 470 164 508 esse
175 450 322 508 adflictum
333 456 362 508 et
373 450 556 528 profligatum
567 451 693 527 putatis?
721 449 798 507 lacet
809 450 856 508 ille
868 470 949 511 nune

104 537 318 608 prostratusque
329 537 372 588 cst
383 537 451 588 etse
461 531 620 608 perculsum
633 537 718 608 atque
729 530 873 587 abiectum
884 551 948 590 esse

104 611 192 668 sentit
214 617 243 668 et
264 617 410 688 retorquet
432 610 529 668 oculos
550 610 681 687 profecto
706 628 790 687 saepe
811 610 849 667 ad
870 610 949 670 hanc

104 690 212 762 urbem,
234 711 320 769 quam
342 711 357 748 e
380 691 438 748 suis
459 690 589 748 faucibus
613 697 739 766 ereptam
764 709 824 748 esse
847 689 947 768 luget:

105 789 176 847 quae
195 771 311 847 quidem
328 770 425 827 laetari
441 771 514 827 mihi
528 770 648 841 videtur,
661 770 739 848 quod
755 775 865 826 tantam
883 791 948 848 pes·

105 856 163 906 tem
178 850 336 907 evomuerit
349 850 481 927 forasque
496 850 653 927 proiecerit.

146 929 183 986 ΙΙ.
227 935 252 987 3.
275 928 320 986 Ao
344 929 368 985 si
394 930 456 1006 quis
480 937 522 986 est
546 930 619 1000 talis,
640 929 736 1006 quales
759 948 860 987 omnes
884 950 948 989 esse

105 1007 265 1084 oportebat,
278 1009 327 1084 qui
341 1009 371 1064 in
385 1007 440 1066 hoe
457 1009 528 1084 ipso,
540 1010 570 1065 in
589 1028 646 1085 quo
663 1009 784 1066 exsultat
800 1017 829 1066 et
845 1010 948 1067 trium-

105 1087 176 1163 phat
193 1088 285 1145 oratio
304 1107 375 1159 mea,
391 1108 436 1145 me
453 1088 635 1146 vehementer
653 1095 772 1159 accuset,
788 1090 867 1165 quod
883 1096 947 1148 tam

105 1167 256 1243 capitalem
271 1167 383 1225 hostem
397 1187 456 1225 non
470 1168 733 1245 comprehenderim
746 1169 843 1245 potius
857 1188 946 1246 quam

105 1247 257 1319 emiserim,
277 1266 335 1304 non
360 1254 403 1305 est
425 1248 480 1304 ista
501 1267 566 1305 mea
588 1248 679 1324 eulpa,
699 1247 749 1304 sed
771 1254 944 1325 temporum.

106 1327 293 1384 Interfectum
308 1347 368 1384 esse
379 1327 409 1385 L.
419 1327 570 1385 Catilinam
583 1335 612 1385 et
622 1326 788 1404 gravissimo
803 1328 946 1405 supplicio

105 1407 252 1465 adfectum
267 1408 323 1463 iam
338 1407 450 1484 pridem
467 1407 625 1484 opo1tebat,
637 1406 723 1482 idque
739 1425 756 1462 a
772 1425 818 1463 me
835 1414 864 1464 et
880 1426 947 1466 mos

104 1488 246 1544 maiorum
272 1494 300 1544 et
321 1487 405 1544 huius
425 1487 539 1563 imperii
560 1487 692 1544 severitas
716 1493 744 1542 et
765 1505 809 1542 res
829 1487 947 1562 publica

105 1567 276 1644 postulabat.
322 1566 380 1625 Sed
404 1587 489 1645 quam
517 1567 623 1624 multos
646 1565 734 1622 fuisse
758 1566 866 1642 putatis
894 1567 955 1643 qui'

106 1667 178 1724 quae
192 1667 246 1725 ego
261 1647 401 1718 deferrem
415 1666 473 1704 non
488 1647 652 1705 crederent?
673 1665 758 1722 quam
772 1645 880 1703 multos
894 1647 946 1723 qui

105 1735 223 1805 propter
244 1729 396 1785 stultitiam
416 1747 475 1783 non
494 1728 645 1804 putarent?
668 1745 754 1802 quam
770 1725 877 1782 multos
894 1727 945 1803 qui

105 1809 192 1864 etiam
215 1807 419 1863 defenderentl
445 1825 530 1881 quam
555 1805 659 1861 multos
682 1806 732 1881 qui
753 1813 871 1882 propter
891 1807 946 1862 im-

105 1886 279 1963 probitatem
300 1886 447 1942 favcrentl
489 1884 534 1942 Ao
555 1885 579 1939 si
599 1884 648 1940 illo
669 1885 781 1942 sublato
802 1885 906 1962 depelli
927 1905 947 1944 a

105 1965 187 2022 vobis
210 1984 295 2022 omne
316 1964 473 2041 periculum
494 1963 656 2034 iudicarem,
673 1965 731 2021 iam
752 1965 864 2040 pridem
888 1985 946 2043 ego

105 2045 136 2102 L.
149 2044 302 2102 Catilinam
320 2063 378 2100 non
395 2043 484 2099 modo
500 2043 623 2100 invidiae
641 2063 729 2115 meac,
741 2065 838 2102 verum
856 2046 943 2103 etiam

89 2136 91 2140 ⁴
106 2126 179 2182 vitae
197 2125 323 2201 periculo
341 2123 524 2181 sustulissem.
560 2128 586 2180 4.
610 2123 666 2181 Sed
683 2143 747 2180 eum
765 2125 890 2182 viderem
907 2145 945 2183 ne

106 2205 187 2261 vobis
198 2205 314 2281 quidem
326 2203 459 2261 omnibus
470 2222 499 2260 re
510 2203 595 2260 etiam
606 2211 669 2261 tum
680 2203 807 2280 probata,
818 2205 842 2261 si
852 2205 945 2277 illum,

106 2293 138 2342 ut
152 2292 212 2342 erat
226 2286 352 2356 meritus,
362 2291 455 2340 morte
469 2283 642 2355 multassem,
652 2284 715 2340 fore
728 2291 762 2340 ut
776 2285 836 2341 cius
850 2286 946 2342 socios

106 2365 214 2421 invidia
230 2384 381 2442 oppressus
397 2363 528 2440 persequi
543 2382 600 2419 non
615 2382 737 2440 possem,
749 2382 809 2420 rcm
823 2364 879 2421 huc
896 2365 945 2422 de-

107 2445 183 2517 duxi,
199 2452 231 2503 ut
252 2454 314 2502 tum
335 2444 429 2522 palam
451 2462 577 2522 pugnare
598 2443 727 2519 possetis,
743 2462 808 2500 eum
830 2444 942 2501 hostem

106 2534 202 2602 aperte
224 2525 364 2582 videretis,
410 2524 502 2594 Quem
523 2523 640 2601 quidem
661 2543 715 2599 ego
736 2523 858 2594 hostem,
876 2522 944 2591 Qui-

106 2607 181 2675 rites,
194 2625 280 2681 quam
293 2605 475 2663 vehementer
491 2604 563 2661 foris
579 2622 639 2659 esse
656 2603 816 2659 timendum
833 2610 943 2680 putem,

106 2684 172 2740 licet
186 2685 252 2741 hine
270 2684 442 2762 intelligatis,
455 2684 533 2762 quod
550 2683 636 2740 etiam
651 2682 722 2738 illud
735 2683 854 2740 moleste
871 2683 952 2754 fero,-

107 2763 185 2839 quod
198 2783 232 2819 ex
247 2764 315 2821 urhe
330 2784 430 2841 parum
444 2764 597 2820 comitatus
611 2762 718 2819 exierit.
760 2762 882 2820 Utinam
896 2763 944 2820 ille

106 2862 205 2900 ornnes
216 2863 311 2900 seeum
323 2845 419 2921 copias
430 2864 493 2900 suas
504 2843 663 2900 eduxisset!
694 2842 859 2918 Tongilium
871 2841 944 2898 mihi

106 2924 212 2993 eduxit,
224 2943 307 2999 quem
322 2943 416 2980 rurrare
430 2923 458 2979 in
470 2928 616 2999 praetexta
630 2929 769 2998 coeperat,
781 2922 944 2979 Publicium

107 3010 135 3058 ct
158 3003 327 3074 Munatium,
348 3023 468 3079 quorum
494 3023 541 3059 aes
564 3002 686 3058 alienum
713 3010 890 3060 contractum
913 3002 944 3057 in

106 3083 214 3158 popina
230 3083 338 3139 nullum
356 3082 540 3158 reipublicae
556 3087 668 3137 mot-um
686 3083 797 3138 adferre
814 3088 942 3157 poterat:

104 3161 220 3236 reliquit
242 3183 312 3237 quos
333 3163 424 3220 virosi
447 3170 554 3241 quanto
578 3181 641 3219 aere
663 3161 776 3217 alienet
800 3181 890 3233 quam
908 3179 938 3212 ua
