1988 3480
327 131 406 181 curn
424 131 527 194 r.-111.‚
544 130 629 192 §1-7.
853 135 896 183 rar

58 234 180 312 piditate
205 234 332 311 adripuit
353 234 514 310 imperium,
530 233 554 290 si
570 233 642 290 illud
663 234 815 310 imperium
840 254 900 294 esse
956 294 958 298 ,

59 317 163 392 potuit,
177 313 254 391 quod
275 313 311 369 ad
328 313 471 391 privatum
492 313 614 370 clamore
635 314 828 371 multitudinis
848 315 901 371 im-

59 396 175 471 peritae,
188 393 267 450 nullo
278 393 394 469 publico
405 393 524 450 consilio
536 393 724 451 deferebatur.
761 400 787 451 4.
799 394 900 472 ltaque
928 406 930 410 '

59 473 197 550 Ligarius,
211 473 259 549 qui
280 492 364 529 omne
385 473 440 529 tale
461 473 611 548 negotium
633 482 748 550 cuperet
765 475 898 551 effugere,

59 553 186 630 paullum
215 553 339 610 adventu
361 552 430 609 Vari
458 553 629 628 conquievit.
676 553 712 610 ll.
734 553 847 624 Adhuc,
866 553 898 612 Ο.

59 633 170 704 Caesar,
187 632 220 702 Q
237 632 367 709 Ligarius
393 633 472 688 omni
497 632 581 708 culpa
603 640 691 689 vacat.
734 632 831 689 Domo
857 642 899 691 est

59 733 187 788 egressus
201 732 260 769 non
277 713 364 769 modo
380 712 489 768 nullum
504 711 541 768 ad
555 711 669 782 bellum,
682 713 732 769 sed
746 732 782 768 ne
799 713 835 769 ad
849 714 900 769 mi-

59 785 166 849 nimam
189 793 305 870 quidem
327 793 516 869 suspitionem
537 791 622 848 belli:
648 792 758 868 legatus
779 792 809 848 in
830 811 899 868 paee

59 873 206 949 profectus
220 880 279 930 est:
301 873 331 929 in
345 872 492 950 provincia
505 872 687 949 pacatissima
700 871 741 928 ita
755 891 784 928 se
801 873 897 948 gessit,

58 959 92 1009 ut
103 953 128 1009 ei
143 972 243 1030 pacem
258 972 317 1010 esse
332 952 485 1029 expediret.
518 951 667 1008 Profectio
681 958 756 1009 certe
771 952 898 1009 animum

57 1040 142 1089 tuum
164 1052 222 1089 non
244 1032 330 1090 debet
354 1032 515 1089 offendere:
537 1051 607 1088 num
629 1031 718 1108 igitur
739 1032 899 1090 remansio?

58 1111 151 1168 Multo
178 1113 281 1170 minus
328 1112 403 1169 Nam
428 1112 569 1189 profectio
594 1111 770 1168 voluntatem
798 1111 899 1169 habuit

58 1210 115 1249 non
131 1199 253 1269 turpem,
265 1193 407 1249 remansio
422 1192 620 1249 necessitatem
636 1192 724 1248 etiam
738 1191 896 1248 honestam.

59 1271 135 1348 Ergo
152 1272 221 1329 haec
238 1273 296 1329 duo
310 1279 441 1349 tempora
457 1278 554 1329 carent
568 1271 700 1327 crimine:
722 1288 820 1339 unum,
833 1290 897 1327 cum

58 1359 101 1407 est
112 1351 223 1426 legatus
237 1352 392 1427 profectus,
404 1350 533 1420 alterurn,
544 1369 609 1406 cum
624 1349 794 1425 efflagitatus
809 1369 825 1405 a
836 1370 899 1427 pro-

59 1430 152 1486 vincia
168 1431 348 1506 praepositus
364 1429 480 1487 Africae
495 1436 546 1486 est.
590 1436 615 1487 5.
633 1429 763 1486 Tertium
784 1436 898 1506 ternpus

58 1516 110 1579 est,
124 1510 202 1585 quod
212 1516 279 1586 post
290 1509 444 1566 adventum
455 1509 526 1568 Vari
540 1509 570 1565 in
582 1508 683 1566 Africa
696 1509 809 1580 restitit,
819 1510 898 1586 qnod

58 1589 84 1644 si
98 1597 141 1645 est
152 1589 345 1659 criminosum,
358 1589 533 1646 necessitatis
547 1589 654 1646 crimen
669 1597 719 1660 est,
732 1608 790 1645 nou
801 1589 898 1646 volun-

58 1669 135 1725 tatis.
179 1668 227 1724 An
241 1668 296 1738 ille,
310 1669 333 1724 si
348 1669 489 1745 potuisset
503 1668 581 1726 illinc
595 1669 654 1725 ullo
669 1669 756 1725 modo
771 1668 896 1740 evadere,

59 1747 163 1806 Uticae
185 1767 270 1824 quarn
289 1748 406 1819 Romae,
419 1768 484 1805 cnm
501 1748 533 1805 P.
544 1747 628 1805 Attio
646 1768 732 1825 quam
749 1768 814 1805 cum
833 1768 899 1806 con-

58 1828 233 1885 cordissimis
247 1828 390 1900 fratribus
399 1847 465 1884 cum
479 1828 578 1886 alienis
592 1847 652 1886 esse
664 1848 749 1906 quarn
761 1848 826 1886 cum
840 1829 898 1886 suis

59 1908 223 1965 maluisset?
257 1907 331 1966 Cum
348 1908 411 1984 ipsa
426 1908 532 1986 legatio
549 1908 633 1986 plena
649 1909 782 1966 desiderii
796 1929 829 1966 ac
846 1909 899 1966 sol-

58 1987 215 2045 licitudinis
229 1988 331 2046 fuisset
341 1995 459 2066 propter
472 1988 668 2046 incredibilem
679 1989 832 2066 quemdam
844 1990 899 2046 fra-

56 2074 135 2124 trum
162 2087 296 2140 amorem,
317 2068 364 2125 hic
389 2088 480 2145 aequo
504 2069 601 2126 animo
626 2088 686 2126 esse
711 2070 807 2146 potuit
830 2069 898 2126 bclli

57 2148 181 2204 discidio
196 2149 348 2205 distractus
363 2168 380 2204 a
392 2148 546 2206 fratribus?
795 2207 796 2210 ,

101 2234 126 2284 6.
139 2227 259 2284 Nullum
270 2228 359 2303 igitur
369 2227 463 2298 habes,
475 2228 585 2299 Caesar,
594 2229 689 2285 adhuc
700 2229 730 2286 in
742 2227 774 2296 Q.
784 2228 898 2306 Ligario

58 2306 173 2382 signum
184 2306 291 2364 alienae
302 2314 358 2364 ate
369 2307 539 2365 voluntatis:
560 2309 640 2365 cuius
651 2327 705 2384 ego
717 2328 830 2365 causam
841 2310 899 2366 ani-

60 2386 212 2456 madverte,
226 2405 338 2462 quaese,
352 2406 408 2464 qua
423 2386 479 2444 fida
494 2387 664 2444 defendam:
686 2388 778 2464 prodo
795 2408 896 2445 meam.

59 2464 86 2522 Ο
111 2465 291 2523 clementiam
315 2466 511 2524 admirabilem
539 2474 623 2543 atque
651 2468 780 2523 omnium
806 2467 896 2535 laude,

59 2545 279 2620 praedicatione,
297 2545 399 2603 litteris
422 2547 673 2622 monumentisque
692 2547 898 2604 decorandam!

60 2625 134 2680 Cum
152 2624 190 2682 lt
201 2624 300 2682 Cicero
318 2626 394 2709 apud
409 2633 439 2682 te
457 2626 587 2683 defendit
604 2626 691 2683 aliurn
708 2627 738 2682 in
756 2646 788 2683 ea
801 2627 899 2683 volun·

59 2711 118 2760 tate
133 2723 191 2760 non
202 2705 298 2775 fuisse,
310 2705 340 2761 in
356 2725 454 2781 quase
469 2706 564 2782 ipsum
578 2705 730 2763 confitetur
740 2706 836 2776 fuisse,
848 2726 898 2762 uec

59 2790 124 2840 tuas
141 2784 240 2840 tacitas
257 2785 445 2861 cogitationes
462 2785 622 2842 extimescit
638 2805 691 2842 nec
708 2785 778 2862 quid
792 2786 845 2843 tibi
863 2787 910 2854 dc⁵

58 2863 116 2919 alio
138 2863 264 2920 audienti
286 2864 321 2920 de
342 2884 371 2921 se
393 2865 455 2941 ipso
477 2872 606 2922 occurrat
626 2865 801 2922 reformidat
845 2865 896 2923 ΙΙΙ.

61 2943 137 3000 Vide
155 2962 240 3019 quarn
258 2962 316 3000 nou
337 2944 539 3001 reformidem:
562 2945 626 3001 vide
644 2952 751 3021 quanta
766 2945 815 3001 lux
832 2945 900 3001 libe·

59 3022 180 3080 ralitatis
197 3029 226 3079 et
240 3023 394 3099 sapientiae
408 3032 473 3081 tuac
487 3024 560 3080 mihi
574 3024 652 3101 apud
665 3032 694 3082 te
708 3025 814 3082 dicenti
832 3024 895 3081 obo
923 3054 927 3062 ·

59 3103 165 3160 riatur:
184 3110 322 3180 quantum
336 3111 445 3180 potero,
456 3123 525 3162 voce
540 3104 918 3174 contendammtqoqu

60 3181 114 3243 hoc
135 3182 285 3245 Romanus
310 3184 466 3245 exaudiat:
494 3184 528 3244 Ἶ.
543 3174 945 3261 ωεαψώῶὒηῖλῶἣ
