1988 3480
309 157 311 160 ,
348 115 715 183 cnr.v11.-1x.,.§1a21.
923 123 954 172 si

116 218 194 276 caelo
215 237 274 276 esse
295 237 448 296 percussas,
464 238 529 276 eum
550 226 580 277 et
600 219 749 278 simulacra
770 219 888 280 deorum
909 221 955 282 de

138 299 198 356 nlsa
215 305 324 356 suntet
341 305 450 356 statuae
467 305 594 356 veterum
611 299 763 357 hominnm
780 301 905 359 deiectae
926 309 956 361 et

116 319 212 455 ligem
230 397 294 434 aera
310 379 464 455 liquefacta
480 385 509 436 et
525 386 619 437 tactus
635 380 723 437 etiam
743 381 799 452 ille,
816 382 865 458 qui
882 382 955 440 hane

116 459 216 516 urbem
233 459 370 528 condidit,
381 459 529 530 Romulus,
543 479 628 536 quern
645 461 807 517 inauratum
825 463 854 517 in
872 462 956 539 Capi-

116 540 195 609 tolio,
210 558 329 615 parvum
351 546 436 615 atque
456 539 618 610 laetantem,
634 540 769 597 uberibus
786 541 892 618 lupinis
914 544 955 599 in-

116 619 252 690 hiantem,
268 619 356 676 fuisse
376 619 556 677 meministis.
599 618 663 687 Quo
688 620 804 697 quidem
826 629 955 699 tempore

116 718 181 756 eum
198 699 361 776 haruspices
378 719 412 756 ex
429 706 491 757 tota
506 699 621 756 Etruria
637 700 843 772 convenissent,
856 702 956 760 caedes

115 786 201 856 atque
222 779 353 837 incendia
373 786 402 838 et
417 778 514 857 legum
530 779 679 837 interitum
701 788 729 837 et
745 780 851 837 bellum
873 781 955 840 civile

115 878 147 916 ae
159 859 349 916 domesticum
362 865 392 918 et
402 860 492 917 totius
505 858 584 916 urbis
598 867 683 937 atque
697 860 811 937 imperii
823 880 954 918 oceasum

115 940 344 1017 appropinquare
357 940 498 1012 dixerunt,
511 940 566 997 nisi
581 939 612 996 di
625 940 801 998 immortales
818 941 898 998 omni
914 961 956 999 ra·

115 1019 194 1076 tione
210 1019 314 1096 placati
333 1040 384 1078 suo
401 1021 519 1078 numine
538 1039 629 1098 prope
645 1021 706 1079 fata
721 1021 785 1096 ipsa
800 1021 952 1080 flexissent.

116 1105 162 1156 20.
175 1098 276 1177 Itaque
289 1100 403 1157 illorum
418 1101 561 1177 responsis
575 1107 637 1157 tum
654 1107 683 1158 et
694 1100 755 1157 ludi
768 1120 820 1177 per
833 1101 894 1159 dies
909 1100 955 1159 de·

115 1198 176 1236 cem
190 1180 261 1237 faeti
272 1188 338 1237 sunt
349 1200 441 1258 neque
455 1200 499 1238 res
513 1179 571 1237 ulla
586 1200 659 1257 quae
673 1181 710 1237 ad
721 1179 874 1257 placandos
885 1181 955 1238 deos

114 1260 270 1334 pertineret
280 1261 478 1336 praetermissa
492 1268 543 1332 est,
555 1261 701 1338 iidemque
711 1261 854 1317 iusserunt
868 1262 955 1318 simu-

115 1338 222 1395 lacrum
239 1339 316 1397 Iovis
332 1340 425 1397 faeere
441 1341 580 1414 maius-et
596 1341 627 1397 in
644 1340 754 1398 excelso
771 1340 909 1397 collocare
925 1348 955 1398 et

115 1425 215 1475 contra
235 1425 320 1495 atque
341 1426 425 1476 antea
444 1420 538 1477 fuerat
558 1419 596 1476 ad
613 1420 752 1477 orientem
774 1427 953 1478 convertere:

115 1516 148 1553 ae
163 1516 192 1555 se
208 1517 319 1574 sperare
333 1499 474 1569 dixerunt,
490 1500 514 1555 si
528 1498 599 1556 illud
613 1500 736 1576 signum,
749 1500 827 1576 quod
841 1500 952 1572 videtis,

116 1576 184 1634 solis
200 1583 295 1634 ortum
312 1583 341 1634 et
357 1578 454 1634 forum
471 1579 634 1655 curiamque
649 1580 832 1656 conspiceret,
845 1580 907 1637 fore
921 1588 955 1638 ut

116 1676 149 1713 ea
162 1656 287 1728 consilia,
299 1677 370 1734 quae
384 1658 457 1714 elam
471 1664 565 1715 essent
579 1659 650 1715 inita
664 1666 762 1716 eontra
776 1659 896 1716 salutem
910 1679 955 1717 ur·-

115 1735 159 1793 bis
176 1743 262 1813 atque
278 1737 402 1814 imperii,
414 1736 629 1809 illustrarentur,
641 1745 674 1795 ut
688 1758 705 1794 a
721 1745 820 1796 senatu
835 1739 955 1816 populo-

116 1835 170 1893 que
184 1816 316 1874 Romano
333 1817 456 1894 perspici
472 1824 596 1894 possent.
639 1817 737 1895 Atque
753 1818 825 1877 illud
838 1819 953 1896 signum

115 1896 312 1954 collocandum
333 1896 463 1954 eonsules
479 1897 521 1955 illi
536 1897 709 1969 locaverunt,
725 1899 775 1957 sed
794 1905 875 1956 tanta
895 1899 953 1957 fuit

54 1990 56 1995 ·
115 1977 209 2053 operis
222 1976 349 2048 tarditas,
361 1984 395 2034 ut
410 1996 502 2054 neque
520 1978 712 2055 superioribus
729 1979 893 2037 consulibus
906 1999 953 2037 ne·

115 2075 170 2132 qne
186 2055 270 2113 nobis
286 2063 352 2114 ante
372 2056 544 2114 hodiernum
566 2058 643 2116 diem
664 2058 855 2117 collocaretur.
898 2059 950 2118 IX.

116 2142 161 2194 al.
174 2136 231 2193 Hie
247 2137 309 2213 quis
320 2144 416 2213 potest
429 2157 496 2209 esse,
506 2137 638 2210 Quirites,
648 2144 708 2195 tam
722 2157 835 2196 aversus
848 2159 866 2196 a
876 2158 951 2211 vero,

114 2223 174 2273 tam
187 2236 330 2293 praeceps,
342 2224 401 2274 tam
416 2224 511 2274 mente
526 2225 634 2295 eaptus,
647 2219 696 2295 qui
710 2225 796 2295 neget
809 2219 879 2277 haee
894 2239 954 2300 orp-

114 2295 170 2367 nia,
183 2315 255 2373 quae
266 2297 404 2368 videmus,
416 2298 623 2374 praecipueque
633 2299 707 2355 hane
720 2299 821 2356 urbem
833 2300 951 2356 deornm

115 2375 319 2433 immortalium
336 2383 409 2434 nutu
430 2396 462 2434 ao
479 2384 620 2454 potestate
637 2379 847 2436 administrarit
888 2379 953 2436 Ete

114 2454 175 2511 nim
200 2475 265 2513 eum
287 2463 360 2513 esset
379 2456 421 2513 ita
442 2476 618 2533 responsum,
634 2457 741 2528 caedes,
757 2458 896 2535 incendia,
912 2459 953 2515 in·

114 2535 231 2592 teritum
246 2536 287 2593 rei
303 2536 434 2613 publicae
451 2538 618 2613 comparari,
631 2544 660 2593 et
674 2557 707 2594 ea
719 2556 771 2613 per
784 2538 867 2607 cives,
881 2557 952 2614 quae

115 2622 177 2671 turn
194 2623 312 2692 propter
327 2616 556 2692 magnitudinem
578 2615 714 2673 scelerum
734 2635 792 2672 non
809 2617 894 2675 nullis
911 2617 952 2673 in·

115 2695 261 2752 eredibilia
276 2695 453 2766 videbantur,
469 2714 503 2752 ea
518 2715 576 2752 non
596 2695 684 2753 modo
701 2695 827 2772 cogitata
842 2716 859 2753 a
875 2697 952 2754 nefa-

114 2774 164 2830 riis
178 2774 294 2845 eivibus‚
307 2795 405 2832 verum
420 2775 506 2832 etiam
521 2781 652 2852 suscepta
665 2794 725 2832 esse
739 2775 874 2834 sensistis.
916 2776 952 2833 Il-

115 2852 165 2909 lud
179 2874 245 2910 vero
259 2873 354 2911 nonne
367 2855 409 2911 ita
422 2874 554 2930 praesens
568 2861 618 2926 est,
630 2861 663 2912 ut
673 2862 746 2913 nutu
757 2854 833 2912 Iovis
848 2856 952 2933 optimi

115 2933 233 2989 maximi
253 2934 362 2991 factum
384 2953 443 2991 esse
464 2930 599 3005 videatur,
612 2940 652 3005 ut,
665 2953 730 2991 eum
747 2934 886 2992 hodierno
904 2935 952 2993 die

114 3032 198 3069 mane
213 3033 264 3089 per
277 3014 374 3070 forum
388 3033 453 3071 meo
467 3015 547 3071 iussu
560 3021 590 3072 et
602 3014 751 3070 coniurati
760 3020 795 3068 et
805 3015 968 3067 eommu-

112 3093 189 3150 dices
203 3093 233 3150 in
250 3094 353 3153 aedem
369 3094 556 3155 Concordiae
573 3095 769 3159 nocerentur,
776 3107 816 3144 eo
825 3087 905 3156 'ipso
914 3089 991 3132 mm

99 3189 174 3246 pore
189 3175 312 3253 signum
327 3179 537 3240 statueretur‘t
559 3195 624 3257 quo
638 3172 795 3234 censeas
805 3167 907 3233 W,
914 3151 986 3202 W
