1988 3480
93 135 138 179 ‘tte
243 130 310 178 ruo
330 130 423 178 nutu«)
442 129 794 182 lntru'ruuo0RAT10.

93 242 168 288 uitus
183 249 317 307 tunquam
333 250 350 287 ιι
363 238 392 287 te
406 238 449 287 est
464 239 492 287 ct
509 250 567 287 nou
583 250 741 308 numquam
758 233 949 314 obstupefae

92 311 129 366 tis
141 309 304 366 homiuibus
319 310 380 386 ipsa
394 310 582 367 admiratione
593 331 778 388 compressus
790 322 837 372 est
850 324 882 374 et
893 317 949 374 for-

92 399 165 446 tasse
182 409 216 446 eo
233 391 456 466 praetermissus,
468 392 536 468 quia
552 390 622 447 nihil
638 391 757 468 vulgare
772 400 805 471 te
820 395 947 474 dignum

92 469 180 525 uideri
195 477 297 546 potest.

133 547 215 607 XIII.
252 549 398 620 35.,Nihil
421 569 438 606 a
459 570 506 607 me
531 551 652 608 arbitror
673 554 880 628 praeteritum,
897 557 944 614 sed

92 629 200 706 uquuid
214 629 250 686 ad
266 637 425 687 extremum
443 649 543 687 causae
560 639 742 688 reservatum.
789 633 826 691 Id
844 644 942 694 autem

92 709 200 786 aliquid
221 716 271 779 est,
287 717 316 766 te
338 718 370 767 ut
392 709 474 787 plane
496 710 634 767 Deiotaro
655 712 827 771 reconciliet
849 716 943 773 oratio

92 809 162 846 mea.
206 790 272 846 Non
293 790 369 845 enirn
392 791 449 846 iam
470 797 568 847 metuo
585 809 620 847 ne
637 797 670 847 tu
691 790 733 847 illi
754 811 941 853 suscenseas:

92 868 163 925 iIIud
180 888 277 925 vereor
299 889 334 924 ne
356 869 409 926 tibi
432 870 511 926 iIIum
533 889 693 927 suscensere
714 871 829 948 aliquid
851 875 943 952 suspi-

92 967 172 1004 cere:
205 948 282 1024 quod
310 948 390 1005 abest
415 948 588 1025 longissime,
609 949 681 1007 milri
709 951 804 1023 erede,
826 953 940 1012 Caesar.

92 1027 169 1096 Quid
189 1028 265 1084 enim
286 1029 407 1086 retiueat
426 1049 477 1106 per
497 1037 526 1086 te
546 1029 687 1098 meminit,
702 1049 761 1086 non
781 1033 855 1109 quid
873 1035 942 1091 ami·

93 1108 168 1177 serit,
184 1127 276 1184 neque
299 1128 329 1165 se
353 1128 370 1164 a
390 1117 419 1166 te
442 1109 595 1167 multatum
616 1108 777 1178 arbitratur,
795 1113 857 1183 sed,
874 1133 940 1171 eum

93 1188 269 1246 existimares
282 1188 381 1246 multis
395 1189 449 1246 tibi
464 1189 554 1246 muIta
568 1209 627 1246 csse
642 1186 804 1262 tribuenda,
814 1211 874 1269 quo
890 1194 940 1250 mi-

94 1287 147 1325 nus
164 1288 180 1326 a
196 1289 234 1340 se,
247 1269 297 1347 qui
314 1270 343 1326 iu
360 1269 449 1327 altera
464 1277 545 1346 parte
562 1270 671 1339 fuisset,
684 1288 717 1326 ea
733 1289 863 1329 sumeres
881 1293 939 1330 non

94 1350 241 1407 recusavit.
279 1355 324 1407 36.
338 1349 453 1408 Etenim
468 1350 491 1406 si
502 1348 672 1419 Antiochus,
683 1348 807 1425 Magnus
822 1351 880 1424 ille,
891 1373 940 1411 rex

94 1429 189 1500 Asiae,
201 1449 275 1500 eum,
288 1438 388 1507 postea
405 1449 491 1507 quam
510 1448 527 1485 a
544 1428 573 1484 L.
585 1429 719 1505 Scipione
736 1437 779 1486 est
796 1430 939 1504 devictus,

93 1508 188 1565 Tauro
209 1516 292 1566 tenus
317 1529 433 1586 regnare
455 1511 546 1565 iussus
571 1516 643 1565 esset
666 1528 840 1586 omnemque
863 1511 940 1570 Imne

55 1616 57 1620 ·
94 1588 203 1660 Asiam,
216 1609 288 1666 quae
305 1597 348 1646 est
363 1609 437 1647 nune
454 1597 552 1645 nostra
565 1588 719 1665 provincia,
732 1589 885 1662 amisisset,
898 1593 940 1649 di-

94 1688 156 1727 cere
173 1676 216 1727 est
233 1669 334 1726 solitus
350 1669 473 1746 benigne
491 1669 545 1726 sibi
564 1687 581 1725 a
597 1667 704 1745 populo
721 1667 857 1726 Romano
877 1691 940 1730 esse

94 1749 212 1820 factum,
234 1749 312 1826 quod
336 1750 423 1806 nimis
447 1769 550 1826 magna
574 1747 773 1825 procuratione
798 1748 940 1809 liberatus

94 1829 215 1886 modieis
229 1829 311 1906 regni
321 1830 451 1886 terminis
466 1836 599 1897 uteretur,
612 1834 707 1904 potest
717 1827 810 1885 multo
821 1829 940 1889 facilius

94 1926 123 1966 se
144 1908 298 1966 Deiotarus
323 1908 470 1966 consolari.
514 1908 564 1964 IIIe
587 1908 664 1964 enim
686 1907 791 1964 furoris
811 1910 940 1969 multam

94 1987 252 2058 sustulerat,
265 1987 313 2044 hie
330 1988 439 2044 erroris.
481 1987 588 2044 Omnia
608 1994 639 2044 tu
661 1987 807 2059 Deiotaro,
820 1988 938 2063 Caesar,

94 2066 228 2135 tribuist-I,
240 2085 305 2123 eum
323 2074 353 2123 et
370 2066 425 2142 ipsi
447 2074 475 2123 et
491 2065 550 2122 filio
570 2085 676 2123 nomen
694 2068 803 2143 regium
820 2086 940 2128 conces·

94 2146 163 2203 sisti.
205 2145 271 2203 Hoe
296 2146 413 2203 nomine
437 2152 548 2203 retento
572 2153 658 2223 atque
686 2154 804 2218 servate,
822 2148 939 2208 nullum

94 2224 263 2284 beneficium
285 2226 385 2303 populi
407 2225 539 2297 Romani,
554 2226 665 2283 nullum
686 2226 824 2283 iudicium
846 2229 884 2286 de
906 2249 938 2288 se

94 2315 208 2365 senatus
224 2307 410 2365 imminutum
425 2313 515 2384 putat.
559 2306 665 2383 Magno
679 2307 775 2363 animo
793 2313 822 2364 et
838 2317 938 2368 erecto

95 2395 146 2457 est,
164 2407 216 2445 nee
241 2407 377 2464 umquam
403 2386 569 2444 succumbet
594 2386 725 2456 inimicis,
743 2405 779 2442 ne
800 2386 938 2448 fortunae

95 2467 219 2544 quidem.
263 2469 308 2525 37.
325 2468 416 2525 Multa
435 2487 464 2524 se
484 2466 637 2524 arbitratur
656 2473 685 2522 et
703 2466 845 2542 peperisse
867 2475 937 2526 ante

94 2546 178 2603 saetis
200 2554 229 2604 et
246 2547 350 2605 habere
369 2548 398 2604 in
420 2547 517 2604 animo
536 2552 622 2622 atque
639 2546 751 2616 mrtute,
765 2565 836 2622 quae
853 2547 937 2605 nullo

94 2626 182 2683 mode
199 2628 291 2703 possit
307 2628 444 2685 amittere.
487 2625 566 2695 Quae
583 2627 659 2684 eninr
674 2626 791 2684 fortuna
804 2632 854 2682 aut
869 2628 937 2703 quis

94 2723 175 2762 easus
192 2715 241 2764 aut
259 2726 330 2784 quae
346 2714 428 2764 tanta
443 2708 534 2784 possit
548 2706 652 2763 iniuria
669 2706 799 2763 omnium
813 2705 937 2782 impera-

94 2790 190 2842 torum
215 2787 250 2843 de
275 2787 413 2843 Deiotaro
438 2786 551 2843 decreta
575 2786 686 2844 deleret
726 2784 774 2842 Ab
799 2785 936 2844 omnibus

95 2865 171 2921 enim
187 2867 277 2923 estiis
292 2874 415 2938 ornatus,
429 2867 486 2944 quI,
498 2873 598 2942 postea
613 2886 697 2944 quam
716 2866 744 2922 in
760 2865 858 2922 eastris
872 2885 935 2924 esse

95 2946 190 3021 potuit
204 2965 255 3022 per
268 2953 398 3018 aetatem,
410 2950 440 3003 in
456 2947 533 3017 Asia,
546 2945 736 3023 Cappadocia,
749 2946 853 3015 Ponto,
866 2944 936 3002 Oili-

95 3024 145 3095 eia,
162 3025 245 3102 Syria
264 3025 338 3082 bcIIa
358 3034 521 3102 gesserunt:
548 3035 662 3082 senatus
683 3045 749 3082 vero
770 3025 876 3082 iudIcia
897 3026 935 3085 de

94 3103 143 3160 ilIo
160 3113 219 3161 tam
240 3106 331 3162 muita
347 3114 462 3182 tamque
479 3105 642 3176 honorifica,
656 3125 727 3182 quae
744 3106 867 3183 publieis
881 3125 935 3185 po·

85 3183 152 3262 puII
161 3184 286 3245 Romani
300 3184 404 3249 titteris
418 3185 673 3263 monumentisque
682 3186 756 3242 eon·
