1988 3480
72 115 121 165 1⁸4
243 111 315 163 PRO
332 111 368 162 M.
384 111 579 163 MARCELLO
595 112 738 165 ORATIO.

71 234 158 292 quam
179 233 279 291 parurn
301 214 434 291 prudens
478 214 535 272 Sed
557 216 687 291 quisnam
712 221 756 273 est
778 222 837 275 'rste
861 227 925 277 tam

72 295 205 351 demens?
245 293 290 350 De
312 295 405 351 tuisne
414 295 577 352 l—tametsi
599 295 648 373 qui
669 295 762 371 magis
785 304 862 355 sunt
879 299 924 356 tui

72 392 158 449 quam
176 373 279 450 quibus
293 381 324 431 tu
342 375 461 431 salutem
477 375 686 452 insperantibus
702 375 862 434 reddidisti
871 379 927 435 l·-·'

72 472 108 509 an
120 473 154 509 ex
166 453 219 510 hoc
234 472 362 524 numero,
376 455 424 531 qui
439 474 496 510 una
509 462 605 511 tecum
620 455 756 512 fueruntl
792 455 864 515 Non
877 464 922 515 est

71 533 215 589 credibilis
235 540 333 591 tantus
354 530 383 590 in
405 533 463 590 ullo
484 535 572 605 furor,
588 542 621 591 ut
642 554 699 610 quo
721 534 795 592 duce
818 538 922 595 omnia

72 632 184 670 summa
198 613 239 680 sit¹
249 614 378 690 adeptus,
391 613 476 669 huius
490 614 577 670 vitam
592 633 651 670 non
666 621 826 690 anteponat
839 635 919 675 suae.

74 692 120 749 An
132 693 155 749 si
166 693 237 750 nihil
249 695 291 751 tui
304 694 433 770 cogitant
444 693 562 764 sceleris,
572 693 729 750 cavendum
742 701 834 752 estne
846 697 920 773 quid

72 772 202 830 inimicit
243 772 318 841 Quia
347 792 446 829 omncs
473 774 558 843 euim,
576 773 624 850 qui
646 773 772 843 fuemnt,
789 781 841 832 aut
867 796 921 833 sua

72 852 228 927 pertinacia
245 853 333 909 vitam
350 853 506 909 amiserunt
523 860 572 910 aut
589 860 639 909 tua
658 853 858 911 misericordia
877 875 921 913 re-

73 931 227 1001 tinuerunt,
241 939 272 989 ut
289 939 339 989 aut
356 932 426 989 nulli
444 933 586 1009 supersint
601 933 636 989 do
653 933 778 990 inimicis
796 941 848 992 aut
867 936 919 1012 qui

72 1011 276 1086 superfuerunt
295 1012 352 1068 sint
369 1012 541 1069 amicissimi.
585 1019 631 1069 22.
650 1012 707 1069 Sed
728 1019 826 1070 tamen
848 1033 917 1071 cum

72 1089 101 1146 in
119 1090 222 1145 animis
239 1090 390 1147 hominum
407 1098 503 1148 tantae
522 1091 645 1149 latebrae
662 1092 720 1149 sint
736 1098 766 1149 et
781 1094 859 1150 tanti
876 1112 919 1152 re-

71 1188 174 1239 cessus,
183 1189 337 1246 augeamus
348 1190 414 1228 sane
425 1172 613 1248 suspitionem
624 1179 720 1229 tuam:
738 1172 826 1230 simul
837 1175 918 1230 enim

72 1248 240 1326 augebimus
254 1251 440 1328 diligentiam.
480 1250 555 1307 Nam
571 1253 635 1327 quis
651 1258 693 1308 est
708 1252 840 1308 omnium
853 1259 918 1310 tam

72 1330 187 1404 ignarus
201 1331 303 1401 rerum,
314 1338 373 1387 tam
388 1331 467 1387 rudis
481 1331 511 1386 in
525 1330 688 1407 republica,
698 1337 758 1388 tam
768 1331 842 1388 nihil
853 1352 918 1389 um-

75 1428 157 1484 quam
179 1429 231 1467 neo
252 1410 288 1467 de
309 1430 360 1467 sua
379 1430 432 1467 neo
451 1411 486 1467 de
506 1411 652 1467 communi
674 1410 763 1468 salute
782 1412 918 1488 cogitans

72 1489 122 1564 qui
142 1508 201 1545 non
223 1489 364 1567 intelligat
384 1498 435 1547 tua
455 1490 544 1547 salute
565 1491 706 1547 contineri
726 1510 807 1547 suam
829 1499 859 1549 et
880 1512 917 1550 ex

72 1569 157 1625 unius
178 1576 228 1626 tua
248 1571 307 1626 vita
327 1570 450 1646 pendere
473 1571 622 1627 omniumi
662 1570 805 1647 Equidem
827 1571 863 1629 de
885 1579 917 1630 te

72 1648 133 1705 dies
153 1656 316 1726 noctesque,
328 1656 361 1706 ut
382 1649 482 1720 debeo,
494 1650 624 1727 cogitans
640 1669 721 1706 casus
742 1649 813 1706 dum
834 1657 917 1710 taxat

72 1727 213 1785 humanos
230 1736 259 1786 et
275 1730 399 1786 incertos
419 1736 537 1786 eventus
557 1729 728 1786 valetudinis
748 1736 778 1786 et
794 1738 917 1790 naturae

71 1809 233 1865 communis
247 1809 433 1885 fragilitatem
450 1809 613 1880 extimesco,
626 1809 775 1886 doleoque‚
787 1828 855 1866 cum
869 1830 917 1869 res

72 1888 186 1964 publica
203 1888 373 1946 immortalis
389 1908 449 1946 esse
466 1889 576 1960 debeat,
589 1908 652 1946 eam
665 1889 696 1945 in
710 1889 795 1946 unius
808 1897 917 1948 morta-

72 1967 107 2024 lis
123 1969 219 2024 anima
235 1968 397 2026 consistere.
436 1975 482 2025 23.
498 1968 530 2025 Si
543 1987 610 2025 vero
623 1968 662 2024 ad
674 1967 816 2026 humanos
832 1989 917 2028 casus

72 2047 252 2124 incertosque
268 2055 365 2105 motus
382 2048 553 2105 valetudinis
574 2047 685 2104 sceleris
699 2048 786 2105 etiam
803 2050 917 2108 accedit

73 2127 296 2203 insidiarumque
307 2129 464 2198 consensio,
475 2147 560 2204 quem
571 2127 666 2199 deum,
677 2127 700 2184 si
711 2128 816 2205 cupiat,
828 2133 915 2206 posse

73 2206 207 2283 opitulari
221 2208 261 2264 rei
275 2207 405 2284 publicae
420 2207 587 2265 credamus?

113 2286 195 2345 VIII.
215 2287 321 2345 Omnia
340 2293 407 2345 sunt
427 2287 577 2344 excitanda
596 2286 659 2358 tibi,
678 2285 709 2344 Ο.
723 2285 833 2358 Caesar,
852 2289 913 2354 uni,

74 2386 146 2444 quae
166 2368 256 2425 iacere
275 2368 363 2436 sentis
379 2367 447 2425 belli
465 2367 556 2443 ipsius
572 2368 691 2443 impetu,
705 2366 782 2443 quod
799 2386 915 2425 necesse

4 2482 7 2489 ·
73 2448 138 2519 fuit,
150 2448 279 2524 perculsa
298 2455 383 2525 atque
399 2453 557 2524 prostrata:
580 2447 781 2503 constituenda
796 2447 913 2518 iudicia,

72 2528 232 2585 revocanda
241 2527 319 2599 fides,
332 2527 563 2605 comprimendae
573 2526 715 2597 libidines,
727 2526 915 2602 propaganda

73 2606 195 2678 suboles
206 2608 310 2678 omnia,
324 2627 395 2685 quae
410 2607 520 2685 dilapsa
533 2607 590 2664 iam
604 2605 796 2677 diffluxerunt,
809 2607 914 2664 severis

73 2684 185 2762 legibus
205 2687 356 2744 vincienda
375 2694 449 2745 sunt.
493 2691 538 2743 24.
557 2686 624 2743 Non
645 2686 702 2743 fuit
724 2686 914 2744 recusandum

74 2765 204 2823 intanto
224 2767 300 2824 civili
321 2766 396 2824 bello
417 2774 556 2842 tantoque
580 2767 741 2823 animorum
762 2765 863 2823 ardore
884 2773 915 2824 et

74 2864 218 2902 armorum
234 2847 302 2922 quin
320 2853 451 2923 quassata
466 2865 510 2903 res
524 2844 645 2922 publica,
659 2845 831 2923 quicumque
844 2845 915 2904 belli

75 2932 192 2981 eventus
212 2926 321 2997 fuisset,
333 2926 425 2983 multa
440 2924 570 3002 perderet
587 2932 615 2981 et
632 2932 800 2982 ornamenta
821 2926 915 3003 digni·

74 3005 143 3060 tatis
159 3010 188 3061 et
204 3005 345 3080 praesidia
362 3004 524 3062 stabilitatis
544 3023 617 3074 suae,
629 3004 776 3082 multaque
793 3011 915 3083 uterque

76 3082 134 3138 dux
154 3083 260 3140 faceret
281 3091 413 3153 armatus,
426 3102 497 3160 quae
514 3083 591 3140 idem
608 3092 724 3160 togatus
741 3085 801 3142 fieri
818 3085 915 3162 prohi-

73 3159 186 3219 buisset.
226 3161 305 3230 Quae
319 3163 437 3242 quidem
450 3161 506 3221 tibi
518 3182 597 3220 nunc
612 3164 711 3220 omnia
718 3163 792 3219 belli
798 3165 920 3222 uulnem
