1988 3480
63 110 94 156 38
233 106 270 153 IN
291 105 319 154 li.
337 103 542 153 CATILINAM
561 103 695 154 ORATIO
713 105 733 153 Ι.

63 206 167 263 timosl
216 203 393 260 Praeclaram
421 222 487 259 vcro
517 202 626 279 populo
654 202 785 260 Romano
815 204 905 263 refers

63 285 193 361 gratiam,
204 284 253 360 qui
264 290 293 341 te
307 282 453 340 hominem
465 302 516 359 per
526 289 554 339 te
569 277 726 356 cognitum,
736 283 814 340 nulla
827 303 904 342 com·

63 363 247 420 mendationc
266 362 415 433 maiorum,
431 368 490 418 tarn
508 368 617 418 mature
636 362 673 418 ad
690 381 834 420 summum
852 365 905 421 irn-

64 444 173 521 perium
186 462 236 518 per
251 461 349 499 omnes
359 441 501 498 honorum
512 441 617 518 gradus
631 442 741 512 extulit,
751 443 774 498 si
786 451 905 520 propter

64 523 200 579 invidiam
215 530 265 579 aut
278 522 396 579 alicuius
409 521 527 599 periculi
538 529 647 579 metum
662 522 781 578 salutem
796 524 903 581 civium

63 611 178 660 tuorum
193 602 321 679 negligis.
359 608 404 660 29.
428 602 485 658 Sed
497 603 520 658 si
532 603 595 678 quis
609 610 652 659 ost
662 602 785 659 invidiae
798 611 902 677 metus,

63 702 122 739 non
139 690 182 739 est
199 683 394 739 vehementius
411 682 568 738 severitatis
587 701 619 749 ac
635 682 815 739 fortitudinis
833 683 903 740 invi«

63 763 112 820 dia
129 782 213 839 quarn
231 763 349 819 inertiae
368 781 400 818 ac
417 761 560 838 nequitiae
577 762 810 838 pertimescenda.
853 763 902 820 An

64 863 129 900 cum
151 842 225 899 bello
246 841 403 899 vastabitur
423 841 513 912 Italia,
526 842 703 899 vexabuntur
723 842 814 913 urbes,
826 849 904 900 tecta

64 921 212 992 ardebunt,
232 930 295 979 tum
317 929 346 979 te
368 942 427 978 non
452 923 597 979 existimas
620 922 744 978 invidiae
769 922 902 980 incendio

64 1001 303 1077 conflagratumm
313 1001 330 1059 t'
362 1001 430 1060 XII.
453 1002 509 1059 His
520 1021 574 1078 ego
586 1002 769 1059 sanctissimis
780 1003 820 1059 rei
831 1002 903 1078 put

64 1082 133 1139 licae
147 1081 265 1138 vocibus
282 1089 310 1139 et
327 1101 426 1139 eorum
440 1082 599 1153 hominum,
612 1083 661 1160 qui
675 1082 729 1138 hoc
747 1082 823 1138 idern
841 1101 903 1140 sen-

63 1162 149 1232 tiunt,
161 1161 305 1219 mentibus
321 1182 412 1238 pauca
428 1162 613 1237 respondebo.
656 1162 727 1237 Ege,
740 1162 764 1218 si
780 1161 835 1218 hoc
853 1182 903 1239 op-

63 1242 168 1299 timum
185 1241 264 1299 factu
280 1242 443 1313 iudicarem,
459 1248 553 1318 patres
570 1241 731 1318 conscripti,
748 1240 902 1299 Catilinam

63 1329 156 1378 morte
171 1322 294 1392 multari,
306 1322 390 1378 nnius
407 1341 520 1378 usuram
535 1321 621 1378 horae
637 1320 788 1397 gladiatori
802 1322 850 1378 isti
865 1322 902 1380 ad

64 1402 217 1458 vivendum
235 1421 293 1457 non
310 1401 458 1458 dedissem.
501 1401 617 1457 Etenim
636 1402 660 1456 si
680 1402 785 1457 summi
800 1402 853 1458 viri
873 1409 902 1460 et

64 1481 212 1539 clarissimi
233 1482 307 1538 cives
328 1481 475 1537 Saturnini
496 1487 524 1537 et
545 1479 737 1556 Gracchorum
760 1489 788 1538 et
809 1476 902 1539 Flacci

64 1569 94 1620 et
115 1562 292 1639 superiorum
313 1561 503 1638 complurium
526 1561 663 1636 sanguine
684 1580 742 1616 non
762 1561 851 1618 modo
872 1581 902 1620 sc

64 1663 122 1700 non
140 1642 378 1712 contaminarunt,
391 1641 441 1698 sed
458 1642 543 1699 etiarn
560 1641 755 1713 honestarunt,
766 1648 840 1698 certe
858 1661 902 1698 ve-

65 1724 184 1781 rendum
201 1722 274 1778 milri
288 1741 345 1778 non
361 1728 420 1779 crat
437 1718 473 1778 ne
489 1721 625 1797 quidhoc
639 1721 780 1796 parricida
797 1721 902 1778 civium
956 1792 959 1797 ,

64 1804 216 1860 interfecto
233 1802 356 1858 invidiae
373 1801 446 1857 mihi
462 1801 491 1857 in
508 1801 705 1877 posteritatem
722 1801 899 1859 redundaret

65 1882 150 1950 Quod
174 1882 198 1938 si
222 1901 255 1938 ea
277 1881 350 1937 mihi
374 1881 497 1937 maxime
521 1880 706 1957 impenderet,
727 1887 822 1938 tamen
847 1881 902 1938 hoc

65 1964 160 2019 animo
178 1980 289 2037 semper
305 1961 357 2031 fui,
369 1967 402 2017 ut
415 1961 552 2018 invidiam
570 1962 674 2018 virtute
690 1970 800 2038 partam
818 1961 903 2039 glori·

65 2062 119 2112 am,
139 2061 197 2098 non
222 2041 359 2097 invidiam
383 2049 521 2118 putarem.
571 2048 616 2099 30.
639 2040 819 2119 Quamquam
843 2061 901 2098 non
975 2068 985 2081 ·

65 2122 135 2179 nulli
153 2129 219 2178 sunt
235 2123 265 2177 in
282 2121 337 2178 hoc
357 2121 463 2192 ordine,
479 2122 529 2200 qui
546 2130 595 2179 aut
611 2141 645 2179 ea
662 2142 733 2199 quae
750 2123 902 2179 imminent

65 2222 123 2258 non
145 2203 261 2259 videant
285 2208 334 2258 aut
359 2221 391 2258 ea
415 2221 486 2278 quae
509 2203 608 2259 vident
630 2202 826 2260 dissimulent:
853 2203 902 2279 qui

66 2302 145 2358 spem
160 2282 299 2339 Catilinae
315 2282 449 2351 mollibus
467 2283 614 2340 sententiis
631 2283 761 2340 aluerunt
775 2283 903 2343 coniura-

65 2364 229 2440 tionemque
241 2370 403 2419 nascentem
412 2382 470 2419 non
481 2363 621 2420 credendo
634 2363 901 2420 corroboraverunt:

66 2461 186 2518 quorum
198 2444 394 2501 auctoritatem
407 2443 494 2499 secuti
504 2443 587 2499 multi
596 2461 655 2498 non
667 2442 758 2499 solnm
768 2443 901 2519 improbi,

65 2525 270 2584 verumetiam
291 2523 425 2600 imperiti,
441 2524 465 2578 si
484 2523 513 2578 in
533 2522 609 2578 hunc
630 2519 901 2592 animadvertissem,

65 2603 216 2660 crudeliter
235 2604 356 2680 etregie
375 2603 484 2659 facturn
504 2621 564 2659 esse
583 2601 717 2658 dicerent.
760 2602 788 2658 N
790 2622 844 2659 unc
862 2603 903 2658 in·

66 2681 172 2757 telligo,
189 2684 212 2738 si
229 2684 291 2752 istc,
306 2702 363 2759 quo
380 2683 513 2752 intendit,
528 2682 558 2737 in
575 2680 718 2737 Manliana
735 2689 825 2739 castra
841 2702 903 2758 per-

67 2761 182 2830 venerit,
197 2763 340 2818 neminem
359 2770 418 2819 tarn
440 2761 559 2819 stultum
578 2761 640 2817 fore
662 2762 711 2837 qni
730 2781 787 2817 non
807 2763 902 2819 videat

68 2840 291 2897 coniurationem
306 2861 365 2898 esse
379 2842 494 2908 factam,
507 2841 650 2897 neminem
665 2847 724 2896 tam
738 2841 902 2918 improbum

67 2920 116 2994 qui
126 2939 183 2976 non
193 2920 322 2977 fateatur.
359 2921 424 2977 Hoc
436 2927 530 2976 autem
543 2939 600 2976 uno
610 2920 761 2977 interfecto
773 2921 901 2995 intelligo

66 2997 140 3055 hane
157 3001 197 3056 rei
214 3000 342 3076 publicae
359 3007 469 3076 pestem
486 3000 639 3077 paullisper
657 3001 780 3076 reprimi,
796 3018 854 3054 non
871 3000 902 3053 in

66 3087 236 3156 perpetuum
253 3080 407 3156 comprimi
417 3098 508 3156 posse.
551 3078 635 3148 Quod
650 3081 673 3136 si
688 3100 716 3137 se
734 3079 846 3136 eiecerit
863 3097 901 3135 se

62 3177 186 3234 eumque
197 3179 266 3215 suos
279 3159 409 3217 eduxerit
423 3165 452 3218 et
467 3158 569 3219 eodem
586 3167 698 3220 ceteros
709 3158 841 3233 undique
855 3157 909 3212 col·
