1988 3480
250 376 293 436 u.
316 375 461 438 rrum
492 373 730 437 e1ennou1s

75 530 147 608 rto
173 533 209 605 Λ.
235 531 384 608 titillo
410 530 563 605 iltcllll
589 529 913 610 retributire

120 823 387 871 Alttttfttnx'rtltt
409 824 570 872 Vll'l'lilllS
592 822 870 875 ENARRATORIS

85 921 138 969 All
165 922 196 969 A.
219 922 325 971 lllAlO
355 923 521 973 lilll'l'UM
551 923 601 970 ΕΤ
628 922 900 974 SUPPLETUM.

103 1029 135 1077 A.
149 1029 257 1077 Lr‘rt'rrt'ar
268 1028 376 1079 Archias
389 1047 415 1080 se
428 1031 516 1079 studiis
528 1031 631 1094 poeticis
642 1030 739 1079 dedidit
750 1039 778 1080 et
788 1032 913 1095 adprime,

70 1104 97 1143 ut
114 1095 250 1155 ridebatur,
262 1096 379 1144 excelluit
397 1099 423 1145 iu
438 1097 484 1144 boc
499 1111 590 1156 genere
605 1096 753 1145 litterarum.
790 1099 915 1147 Amicitia

70 1162 145 1220 igitur
156 1163 231 1209 otium
244 1162 302 1209 viris
315 1162 450 1209 illustribus
459 1161 613 1210 familiariter
624 1163 753 1224 copulatus
764 1170 811 1223 est,
820 1173 850 1211 ut
861 1164 914 1226 ipse

71 1228 106 1275 M.
116 1227 212 1274 Tullius
225 1227 249 1273 in
262 1228 380 1275 orutiouis
391 1227 464 1275 liuius
478 1227 619 1276 narratione
632 1226 770 1275 confirmat.
807 1223 913 1277 Interim

70 1293 128 1340 sutis
143 1291 211 1355 louyo
228 1291 357 1340 intervallo
374 1309 427 1339 cum
443 1302 505 1340 esset
520 1310 572 1340 curu
586 1292 617 1341 L.
629 1290 733 1340 Lucullo
749 1292 776 1340 iu
791 1291 912 1342 Siciliam

72 1359 198 1421 profectus
210 1366 232 1404 et
244 1375 295 1404 caut
307 1374 336 1405 ex
348 1374 378 1405 ea
386 1359 512 1418 prouincia
524 1375 574 1405 curu
588 1358 666 1405 eodem
676 1357 706 1406 L.
715 1356 820 1406 Lucullo
831 1374 913 1420 νιῑςνεἦ

70 1424 175 1483 deretur,
186 1420 332 1470 Heracleam
346 1423 419 1482 verrit,
429 1437 492 1485 quae
506 1432 565 1471 tnnc
577 1432 630 1471 erat
642 1423 728 1470 civitas
739 1422 878 1484 foederata,
887 1432 913 1472 et

70 1491 189 1551 ascriptus
201 1489 275 1537 estin
287 1488 398 1536 ordinem
413 1489 611 1536 Heracliensium
622 1488 689 1535 ciris.
726 1487 798 1535 Tunc
810 1488 912 1538 Silanus

70 1565 95 1602 et
107 1555 189 1603 Curbu
204 1569 265 1603 coss.
277 1555 357 1614 legem
370 1555 488 1613 tulerunt,
497 1564 525 1601 ut
536 1553 679 1615 omnesqui
689 1559 772 1601 essent
781 1566 816 1600 ex
827 1553 912 1605 foede·

70 1622 131 1668 rutis
148 1621 252 1683 pupulis,
265 1620 392 1667 civitatem
410 1621 551 1668 Romanam
565 1625 780 1681 consequerentur,
794 1619 817 1666 si
833 1619 914 1669 modo

70 1685 113 1732 illo
125 1695 243 1747 tempure,
251 1700 300 1748 quo
313 1686 354 1733 lex
364 1685 416 1732 luta
426 1695 498 1744 esset,
507 1684 659 1732 domicilium
670 1684 695 1730 in
706 1684 780 1731 Italia
788 1683 913 1734 baberent

71 1759 95 1798 et
106 1751 172 1797 intra
184 1751 250 1797 diem
262 1751 446 1809 sexagesimum
457 1751 559 1812 professi
570 1749 635 1811 apud
647 1759 786 1811 praetorem
793 1749 908 1799 fuissent.

71 1815 143 1874 Quue
158 1830 214 1861 eum
228 1815 326 1862 Licinio
339 1815 447 1863 Archiae
462 1816 493 1863 ad
508 1815 670 1863 obtinendum
686 1815 724 1862 ius
738 1814 846 1863 civitatis
858 1816 912 1865 Ro-

71 1894 160 1926 mouue
175 1888 322 1938 ur'gumentu
335 1880 456 1940 deessent,
467 1880 584 1942 quonium
598 1895 677 1942 neque
691 1879 781 1927 tubulis
795 1879 911 1929 Heracli·

71 1945 167 1992 ensium
183 1944 287 2005 probure
304 1954 402 2007 poterut
417 1947 551 2008 ascriptum
569 1960 595 1993 se
611 1945 637 1992 in
654 1945 766 1992 ordinem
783 1943 911 1994 civium-

72 2010 162 2072 quippe
174 2010 323 2058 tubularium
332 2011 438 2058 ciritutis
447 2011 513 2058 illius
522 2017 648 2058 exurserat
657 2010 720 2058 bello
729 2009 854 2073 sociali-‚
864 2025 911 2060 nec

72 2076 137 2123 bonu
149 2090 192 2122 sua
204 2075 228 2122 in
241 2090 342 2125 censum
351 2077 480 2136 (letalem,
487 2091 544 2124 reus
554 2075 634 2123 luctus
646 2084 680 2123 est
688 2075 742 2134 lege
752 2075 838 2138 Pupia,
846 2091 911 2139 qnae

72 2141 124 2189 latu
134 2140 214 2189 fuerat
226 2141 259 2189 ad
271 2157 312 2189 eos
324 2142 480 2202 coercendos,
490 2142 532 2204 qui
544 2149 636 2189 temere
649 2150 674 2189 et
685 2140 769 2189 illicite
783 2140 910 2190 civitatem

72 2208 213 2256 Romanam
226 2218 390 2269 usurpassent.
422 2209 442 2255 F
444 2209 464 2255 it
475 2223 534 2267 ergo
546 2215 625 2254 status
636 2206 816 2267 coniecturalis,
826 2221 858 2254 on
870 2223 909 2255 us·

72 2273 164 2336 criptus
182 2273 255 2321 sitin
274 2274 385 2321 ordinem
403 2272 602 2324 Heracliensium
619 2281 645 2320 et
662 2287 693 2320 cu
711 2272 797 2320 iecerit
813 2272 907 2333 omniu,

73 2354 136 2402 quue
153 2340 173 2386 is
191 2340 271 2386 fucere
288 2340 408 2399 debuerit,
423 2340 464 2401 qui
482 2346 547 2387 esset
566 2352 580 2385 e
598 2352 701 2386 numero
717 2336 906 2386 foederatorum.

74 2405 107 2452 lit
122 2405 237 2452 desit-itur
251 2404 350 2466 quidem
365 2405 449 2452 multis
463 2403 656 2466 probationibus,
668 2403 809 2450 testimonio
824 2410 909 2451 tamen

75 2470 269 2517 llerucliensium
285 2478 309 2516 et
321 2470 359 2517 vel
373 2470 591 2531 muniminibus
605 2478 659 2517 tota
672 2477 806 2530 occupatur
818 2469 908 2528 oratio,

73 2536 183 2594 poiticue
196 2534 321 2582 facultatis
335 2545 360 2582 et
375 2535 501 2582 doctrinae
515 2534 706 2582 iucundissimae
719 2532 799 2593 gratia
812 2533 907 2582 nititur.

73 2600 120 2647 Est
131 2600 206 2647 etium
218 2600 310 2647 omissa
321 2601 462 2648 coniectura
469 2599 615 2659 disceptatio
623 2615 667 2661 per
679 2601 757 2662 ipsam
766 2598 912 2662 qualitatem

74 2679 199 2725 personae,
209 2674 234 2711 at
247 2665 307 2712 ciris
316 2666 443 2713 Romanus
453 2663 541 2712 debeat
552 2665 672 2726 adoptari,
683 2665 758 2712 etium
771 2664 792 2712 si
803 2665 829 2711 in
840 2679 912 2726 prue-

74 2730 176 2778 teritum
191 2744 241 2777 non
257 2731 289 2778 sit
303 2731 402 2778 uscitus.
440 2728 569 2790 [Ceterum
583 2730 650 2777 idem
664 2739 791 2778 enurrutor
806 2729 838 2776 ud
852 2744 873 2778 c.
885 2732 909 2790 2,

74 2793 88 2851 ξ
106 2798 128 2856 3,
138 2795 243 2843 adnotat
259 2796 289 2855 Q.
301 2796 445 2844 Ciceronem
462 2793 563 2841 frutrem
580 2795 616 2843 M.
627 2795 703 2842 Tullii
720 2794 825 2843 oratoris
841 2794 913 2843 illum

74 2860 149 2909 fuisse
160 2870 307 2923 praetorem.
316 2860 381 2922 apud
393 2874 467 2922 quem
480 2858 542 2906 haee
555 2859 639 2906 habitu
652 2860 731 2907 oratio
746 2861 786 2919 sit,
793 2860 857 2908 conf.
867 2860 913 2908 eti-

74 2941 115 2973 um
123 2927 249 2974 Cicerouis
259 2927 328 2987 epist.
337 2925 373 2972 ad
380 2926 408 2981 Q.
408 2925 519 2985 fratrem
526 2922 567 2970 lib.
578 2924 626 2971 lll.
635 2939 672 2986 ep.
681 2927 704 2984 6,
712 2923 726 2983 ἓ
735 2929 758 2984 9,
766 2925 914 2989 videturque

75 2992 107 3038 A.
119 2992 228 3038 Licinius
238 2991 343 3038 Archias
354 2989 481 3037 ubsolutus
493 2986 568 3048 esse]
