1988 3480
264 364 307 427 M.
331 365 477 428 TULLII
508 364 743 428 CICERONIS

99 520 174 602 PRO
203 520 305 596 REGE
334 520 533 596 DEIOTARO
563 520 618 594 AD
647 520 679 595 O.
698 521 925 599 CAESAREM

420 644 576 720 ORATIO.

334 940 675 994 ARGUMENTUM.

118 1045 262 1104 Deiotarus,
279 1042 464 1104 Gallograeciae
489 1043 540 1092 sive
561 1043 675 1093 Galatiae
700 1045 851 1108 tetrarches,
868 1047 936 1112 quod

86 1126 184 1161 summa
197 1110 248 1158 fide
261 1109 293 1158 ad
307 1109 427 1172 populum
440 1111 581 1157 Romanum
596 1124 649 1158 sese
663 1109 842 1172 applicaverat,
854 1129 871 1161 a
884 1114 933 1162 Cn.

86 1179 150 1226 Pom
183 1177 208 1224 io
221 1176 356 1224 Armeniae
373 1175 476 1222 minoris
493 1189 570 1235 regno
584 1175 690 1223 donatus
706 1184 732 1223 et
745 1191 761 1222 a
779 1185 871 1226 senato
888 1193 936 1227 rex

86 1192 224 1306 appciidtus
240 1250 300 1289 erut.
338 1240 388 1290 Sed
402 1256 468 1300 cum,
477 1241 541 1289 bello
558 1241 623 1288 cirili
640 1240 705 1288 inter
722 1240 769 1289 Cn.
780 1241 936 1305 Pompeium

86 1319 112 1356 et
126 1310 154 1357 C.
165 1308 299 1357 Caesarem
314 1315 410 1366 exorto,
420 1305 534 1368 Pompeii
548 1317 630 1368 partes
644 1315 743 1354 secutus
754 1316 830 1368 esset,
839 1309 936 1358 Caesar

86 1373 150 1421 bello
164 1372 336 1421 Alexandrino
353 1371 490 1433 composito
508 1371 532 1417 in
547 1371 636 1419 Asiam
653 1371 786 1433 profectus,
798 1372 936 1422 Pharnace

87 1438 164 1486 Ponti
181 1452 239 1497 rege
256 1445 370 1498 superato
387 1436 536 1484 Deiotarum
553 1450 629 1495 regno
646 1437 782 1484 Armeniae
801 1438 932 1498 multavit,

17 1529 20 1534 ·
86 1511 184 1564 partem
198 1503 382 1565 possessionum
395 1510 420 1549 et
431 1516 521 1549 nomeu
537 1501 632 1560 regiam
645 1501 752 1563 reliquit.
790 1501 842 1550 Sed
854 1503 936 1552 etiarn

87 1567 237 1616 domesticae
247 1567 391 1615 inimicitiae
402 1567 501 1614 fuerunt
508 1567 627 1613 Deiotaro
637 1581 795 1625 cumgenero
808 1582 865 1628 suo,
873 1568 936 1618 Sao·

87 1633 212 1693 condano,
227 1633 328 1694 eiusque
348 1632 408 1691 filio,
422 1640 512 1694 nepote
531 1632 653 1692 Deiotari,
668 1632 786 1679 Castore:
810 1633 855 1694 qui
875 1649 936 1682 eum

87 1699 185 1748 Romae
205 1698 270 1760 apud
288 1699 316 1746 (ἶ.
328 1697 460 1746 Caesarem
479 1697 626 1744 dictatorem
646 1712 711 1743 auno
730 1711 753 1758 p.
765 1711 788 1744 u.
800 1712 821 1744 c.
830 1700 890 1759 709,
899 1698 932 1759 Q.

87 1765 166 1812 Fabio
186 1764 299 1810 Maximo
317 1762 345 1810 C.
357 1762 481 1809 Trebonio
501 1777 563 1809 coss.
579 1762 697 1819 suffectis,
714 1777 782 1808 reum
806 1762 946 1825 fecerunt,-

88 1830 155 1891 quod
164 1829 209 1889 ipsi
219 1828 248 1876 C.
257 1827 366 1886 CaesarI,
376 1827 442 1888 opud
454 1841 487 1885 se,
499 1842 555 1872 cum
567 1837 629 1873 esset
639 1827 664 1873 in
672 1826 734 1873 Asia
743 1826 842 1874 devicto
849 1828 935 1877 Phar·

47 1891 54 1906 ‘
88 1909 158 1951 nacc,
165 1893 305 1940 deversanti
314 1891 417 1938 insidias
425 1899 544 1952 parasset,
552 1905 656 1952 eamque
668 1891 850 1939 accusationem
859 1893 935 1955 quasi

88 1960 159 2006 testis
177 1956 275 2004 sceleris
293 1957 439 2018 Phidippus,
455 1956 566 2002 medicus
584 1956 706 2016 Deiotari,
720 1956 751 2003 ab
769 1956 822 2004 eins
841 1956 936 2017 legatis

88 2024 197 2071 Romam
207 2022 289 2068 missis
301 2020 419 2083 perfidiae
430 2036 505 2068 causa
517 2021 638 2069 abductus
650 2021 750 2069 adiurit.
787 2022 880 2082 Legati
895 2039 935 2072 re-

88 2089 134 2147 gis,
144 2088 187 2149 qui
198 2087 223 2133 in
236 2086 284 2134 tidc
295 2094 489 2149 permanserant,
498 2101 599 2134 causam
611 2087 643 2134 ad
655 2087 691 2135 M.
700 2087 846 2135 Ciceronem
859 2088 936 2137 detu-

89 2152 177 2210 lerunt,
192 2161 301 2199 veterem
319 2151 440 2213 hospitem
457 2159 533 2214 atque
550 2152 658 2199 amicum
675 2151 796 2210 Deiotari,
811 2151 854 2213 qui
873 2169 934 2202 eum

89 2218 154 2280 apud
168 2217 197 2266 C.
209 2218 342 2266 Caesarem
360 2218 426 2264 intra
439 2217 587 2265 domesticos
604 2217 710 2279 parietes
728 2217 774 2264 hac
792 2217 854 2278 ipsa,
867 2232 936 2280 quae

89 2283 154 2331 iufra
165 2282 262 2343 iegitur,
274 2282 385 2330 oratione
396 2282 514 2330 defendit.

131 2417 152 2475 I.
187 2423 211 2474 1.
228 2416 302 2474 Cum
320 2417 349 2473 iu
367 2415 500 2473 omnibus
517 2415 608 2479 causis
624 2415 808 2491 gravioribus,
819 2415 935 2477 0.an-

91 2517 142 2568 sar,
158 2497 241 2553 initio
263 2495 376 2553 dicendi
397 2495 571 2553 commoveri
596 2495 701 2552 soleam
723 2495 933 2568 vehementius,

92 2596 177 2653 quam
189 2576 301 2633 videtur
312 2575 354 2633 vel
365 2595 433 2633 usus
443 2574 487 2632 vel
498 2581 575 2631 aetas
589 2593 652 2631 mea
663 2574 814 2650 postulare,
823 2581 888 2631 tum
901 2577 933 2634 in

91 2656 144 2712 hac
158 2675 242 2712 causa
254 2656 296 2712 ita
308 2675 354 2712 mc
369 2655 459 2711 multa
471 2653 646 2730 perturbant,
659 2659 699 2723 nt,
712 2660 850 2731 qnantum
865 2674 934 2713 mea

91 2734 162 2792 fides
182 2735 271 2792 'studii
288 2734 359 2790 mihi
380 2734 490 2790 adferat
507 2732 544 2789 ad
564 2732 684 2790 salutern
705 2733 780 2810 regis
796 2732 933 2793 Deiotari

92 2814 311 2884 defendendam,
320 2820 431 2870 tantum
445 2809 590 2870 facultatis
603 2813 691 2870 timor
701 2812 839 2870 detrahat.
868 2813 934 2871 Pri-

92 2913 172 2951 mum
187 2893 253 2949 dico
267 2912 319 2969 pro
336 2893 428 2969 capite
444 2892 624 2969 fortunisque
638 2893 720 2969 regis,
732 2892 810 2969 quod
823 2892 931 2968 ipsum,

93 2974 146 3030 etsi
156 2993 215 3030 non
226 2973 357 3050 iniquum
368 2978 410 3029 est
421 2972 512 3029 intuo
524 2970 593 3028 dum
604 2972 935 3051 taxatpericu10,tamen

93 3059 136 3108 est
152 3052 194 3109 ita
209 3052 378 3109 inusitatum
395 3070 490 3128 regern
510 3069 588 3107 rcum
610 3051 712 3128 capitis
733 3071 800 3121 csse,
813 3058 845 3107 ut
862 3058 931 3109 ante
