1988 3480
298 125 377 177 CAP.
393 126 617 190 XXII.-XX1V.‚
633 128 647 188 ξ
662 131 752 181 64-70.
915 137 946 183 25

105 233 209 312 quibus
230 232 447 290 condicionibus
467 230 685 308 proficiscantur
700 231 835 309 ignorant
851 235 947 293 videli-
966 269 968 272 ·

104 322 149 372 cet
163 314 219 384 isti,
233 315 282 391 qui
297 314 335 370 ad
348 333 438 370 unum
449 313 604 370 deferenda
618 314 715 371 omnia
729 334 788 372 esse
802 334 861 372 non
875 315 946 373 arbi-

104 395 233 451 trantur?
275 392 363 462 Quasi
381 413 448 450 vero
466 392 518 451 On.
531 392 705 470 Pompeium
723 413 782 451 non
802 414 867 451 eum
888 396 946 452 suis

104 473 258 531 virtutibus
274 479 338 530 tum
357 473 444 531 etiarn
461 472 560 530 alienis
577 473 655 530 vitiis
674 493 813 550 magnum
830 494 889 531 1111
907 475 946 532 vi-

104 553 229 611 dcamus
274 559 318 610 68.
338 552 402 622 Qua
420 572 450 610 re
467 552 556 610 nolite
573 552 703 610 dubitare
720 553 790 630 quin
807 553 874 610 huie
895 555 946 612 uni

104 633 225 690 credatis
240 633 344 704 omnia,
358 633 407 709 qui
421 633 496 689 inter
509 638 555 689 tot
569 651 659 689 annos
673 651 747 688 unus
760 633 894 690 inventus
908 635 946 691 sit

105 732 190 790 quem
207 713 276 770 socii
293 713 323 769 in
340 712 425 770 urbes
442 731 506 769 suas
528 731 593 769 cum
611 711 736 769 exercitu
753 712 861 770 venisse
878 733 946 790 gau-

104 793 198 850 deant.

144 872 230 941 Quod
244 873 268 929 si
283 870 500 929 auctoritatibus
514 870 588 927 hanc
602 890 724 942 causam,
735 870 869 944 Quirites,
880 891 951 952 con-¹

103 951 271 1009 firmandam
286 952 402 1028 putatis,
414 958 456 1009 est
471 951 552 1008 vobis
566 958 666 1008 auctor
676 951 718 1008 vir
732 951 870 1009 bellorum
885 972 945 1009 om-

103 1032 184 1088 nium
192 1032 437 1108 maximarumque
446 1051 539 1089 rerum
549 1031 746 1108 peritissimus
757 1031 790 1088 P.
800 1031 942 1105 Servilius,

103 1111 182 1168 cuius
196 1118 292 1168 tantae
311 1131 355 1168 res
373 1119 470 1188 gestae
483 1118 558 1169 terra
574 1111 702 1188 marique
722 1112 898 1183 exstiterunt,
911 1120 944 1170 ut

103 1210 168 1247 cum
189 1193 225 1249 de
245 1191 321 1249 bello
343 1190 512 1262 deliberatio,
527 1199 628 1248 auctor
648 1191 730 1248 vobis
750 1191 863 1267 gravior
884 1211 944 1250 esse

103 1290 187 1328 nemo
208 1271 319 1342 debeat,
332 1278 375 1328 111
392 1270 423 1330 C.
435 1270 531 1342 Curio,
544 1270 664 1328 summis
681 1271 782 1328 vestris
799 1270 944 1328 beneficiis

102 1352 291 1429 maximisque
308 1351 392 1409 rebus
408 1351 504 1427 gestis
520 1370 633 1408 summo
648 1351 764 1427 ingenio
780 1358 809 1408 11
822 1351 944 1427 pruden-

102 1431 143 1488 tia
165 1432 318 1507 praeditus,
336 1438 378 1488 est
401 1431 453 1487 On.
469 1430 615 1502 1111111111,
633 1431 663 1486 11
687 1450 744 1508 quo
770 1450 869 1503 omnes
890 1450 942 1507 pro

103 1510 286 1587 amplissimis
310 1510 410 1567 vestris
434 1510 591 1567 honoribus
612 1530 757 1567 summum
782 1511 941 1582 consilium,

103 1609 244 1646 summam
265 1589 435 1665 gravitatem
456 1608 516 1646 esse
537 1590 690 1665 cognostis,
706 1597 749 1646 111
770 1589 801 1646 Ο.
819 1589 941 1660 Cassius,

103 1669 276 1745 integritate,
289 1668 402 1738 virtute,
419 1669 580 1725 constantia
597 1669 740 1744 singulari.
783 1668 847 1737 Qua
860 1689 889 1726 11
904 1670 943 1726 vi-

103 1749 168 1805 dete
189 1755 221 1805 ut
241 1748 345 1805 horum
369 1747 587 1805 auctoritatibus
608 1748 720 1804 illorum
743 1748 874 1822 orationi,
893 1749 943 1826 qui

103 1829 283 1900 dissentiunt,
296 1829 467 1905 respondere
481 1847 564 1904 posse
579 1828 732 1885 videamur.

142 1908 255 1966 XXIV.
299 1914 345 1966 69.
365 1907 444 1976 Quae
469 1928 534 1965 cum
559 1908 600 1965 ita
626 1908 691 1979 sint,
710 1908 741 1965 C.
758 1907 866 1980 Manili,
887 1910 940 1985 pri-

102 2009 182 2045 mum
200 1989 284 2045 istam
301 1995 381 2045 tuam
399 1995 427 2045 et
444 1988 536 2064 legem
554 1995 583 2045 11
597 1988 774 2045 voluntatem
789 1996 818 2045 11
832 1996 943 2046 senten-

102 2069 171 2125 tiam
187 2069 272 2125 laudo
284 2068 587 2144 vehementissimeque
602 2069 775 2144 comprobo:
798 2069 901 2126 deinde
912 2076 942 2126 tc

103 2149 209 2220 hortor,
222 2156 255 2205 ut
269 2156 383 2205 auctore
397 2147 505 2224 populo
517 2148 774 2205 Romano-maneas
787 2148 817 2204 in
832 2156 942 2205 senten-

102 2229 143 2284 tia
153 2247 223 2285 neve
238 2230 405 2305 cuiusquam
416 2229 474 2284 vim
489 2234 538 2284 aut
552 2228 644 2284 minas
655 2228 845 2304 pertimescas.
881 2227 942 2284 Pri·
957 2254 958 2258 ¹

38 2307 41 2312 ’
102 2327 182 2364 mum
200 2307 230 2364 in
251 2315 280 2364 to
301 2308 369 2364 satis
390 2327 449 2364 esse
466 2307 554 2364 animi
573 2308 852 2384 perseverantiaeque
871 2308 942 2364 arbi-

102 2395 178 2444 tror:
204 2387 307 2444 deinde
321 2407 394 2444 cum
411 2394 521 2444 tantam
540 2386 755 2444 multitudinem
775 2407 840 2444 cum
860 2393 941 2443 tanto

104 2467 198 2524 studio
213 2467 310 2524 adesse
324 2467 479 2537 videamus,
493 2473 628 2543 quantam
643 2467 748 2523 itomm
762 2486 838 2522 nunc
852 2467 881 2521 in
897 2486 942 2522 co-

47 2553 49 2557 '
103 2547 169 2603 dem
182 2547 299 2604 homine
313 2546 503 2623 praeficiendo
518 2546 655 2616 videmus,
669 2546 792 2622 quidest
804 2546 941 2622 quodaut

103 2626 139 2682 de
156 2646 185 2683 11
202 2633 258 2695 aut¹
268 2627 305 2683 dc
320 2626 485 2703 perficiendi
502 2625 638 2682 facultate
655 2625 837 2681 dubitemus?
877 2625 941 2701 Ego

105 2711 201 2761 autem
216 2706 356 2782 quidquid
370 2712 413 2763 est
427 2706 456 2761 in
470 2724 517 2761 me
534 2704 631 2776 studii,
643 2704 762 2776 consilii,
774 2704 888 2776 laboris,
901 2704 942 2760 in-

104 2784 189 2859 genii,
209 2785 349 2861 quidquid
364 2785 420 2842 hoc
441 2783 579 2841 beneficio
596 2784 697 2861 populi
713 2783 838 2841 Romani
855 2791 941 2860 atque

104 2863 157 2919 hac
181 2870 323 2939 potestate
346 2864 496 2941 praetoria,
515 2859 656 2940 quidquid
679 2865 856 2934 auctoritate,
874 2863 940 2934 fide,

104 2943 264 3000 constantia
279 2963 404 3019 possum,
419 2944 451 3000 id
467 2963 552 3001 omne
568 2944 606 2999 ad
622 2942 695 2999 hane
712 2963 772 3000 rem
793 2941 941 3000 conficien-

104 3023 170 3079 dam
185 3021 239 3078 tibi
253 3029 282 3078 et
292 3023 400 3099 populo
411 3023 543 3080 Romano
557 3023 694 3098 polliceor
707 3042 740 3079 ac
754 3023 870 3079 defero:
893 3020 939 3078 70.

103 3109 248 3181 testorque
266 3121 365 3158 omnes
386 3102 455 3160 deos
472 3109 502 3160 11
517 3121 569 3160 eos
583 3100 961 3173 martas,smuaxexses

42 3243 46 3251 ,
102 3182 267 3260 temploque
289 3183 472 3261 praesident,
489 3184 546 3262 qur
565 3182 710 3241 1111111111
724 3181 852 3231 memes
869 3177 983 3218 111111

168 3301 172 3308 ·
214 3284 233 3335 3
