1988 3480
291 127 368 178 car.
386 127 559 190 v11.-1x.,§
577 131 663 176 15-21.
850 132 897 178 aaa
919 174 922 180 .

58 229 113 286 mis
130 248 196 286 vero
213 228 305 300 rebus,
317 228 359 286 id
366 236 409 286 est
424 227 545 367 legiqus,
557 236 621 286 aeta
637 228 765 286 Caesaris
782 228 899 286 dissolvi

57 309 208 366 ferendum
230 329 289 365 non
310 315 390 386 puto.
495 308 596 366 Ι.19.
619 307 698 377 Quae
718 309 764 366 lex
787 309 896 380 melior,

58 389 164 459 utilior,
186 396 237 465 opt
238 389 296 445 ima
322 389 409 446 etiam
436 407 467 445 re
433 308 608 465 VIIpubliea
631 389 744 466 saepius
770 387 899 465 flagitata

59 487 144 545 quam
170 487 205 525 ne
230 475 310 544 praet
312 469 388 525 oriae
409 469 571 545 provinciae
596 468 660 544 plus
683 488 768 545 quam
791 487 898 526 annum

58 567 129 604 neve
146 547 210 625 plus
232 567 317 624 quam
336 548 484 605 biennium
504 548 664 605 consulares
686 547 881 606 obtinerentur
889 549 899 606 9

59 627 122 684 Hac
133 627 196 704 lege
210 627 321 685 sublata
330 628 500 707 videnturne
510 627 592 684 vohis
602 647 685 704 posse
696 627 882 685 Caesarist
837 635 900 685 aeta

59 709 181 765 servarit
222 706 316 775 Quidt
336 685 412 784 lege,
421 726 493 784 quae
509 706 691 784 promulgata
708 714 751 764 est
765 708 801 764 de
815 708 901 765 tertia

59 787 181 857 decuria,
194 807 289 845 nonne
306 807 407 844 omnes
423 787 587 845 iudiciariae
604 786 681 864 leges
700 787 828 844 Caesaris
845 787 901 844 dis-

59 831 226 925 solvuntirr.
266 867 305 924 Et
321 887 373 925 vos
391 874 455 924 aeta
473 867 601 925 Caesaris
620 866 759 924 defendit¹
739 873 784 937 trs,
797 867 847 944 qui
863 867 901 924 le-

59 966 109 1022 ges
134 947 194 1004 eius
219 947 365 1005 evertitis?
406 947 471 1005 Nisi
492 947 578 1018 forte,
597 946 620 1004 si
649 947 719 1024 quid
736 946 900 1007 ,memoriae

59 1045 143 1083 causa
159 1026 269 1092 rettulit
283 1027 314 1084 in
327 1026 464 1098 libellum,
476 1027 507 1085 id
520 1027 716 1084 numerabitur
730 1027 760 1083 in
777 1027 847 1084 actis
861 1034 899 1097 et,

60 1107 189 1183 quamvis
203 1107 334 1184 iniquum
349 1115 378 1165 et
391 1107 493 1164 inutile
508 1106 553 1177 sit,
565 1106 752 1164 defendetur:
774 1106 853 1184 quod
863 1105 901 1164 ad

58 1185 382 1264 populumoenturiatis
399 1187 524 1245 comitiis
538 1186 612 1257 tulit,
624 1186 656 1243 id
668 1186 699 1243 in
716 1187 787 1244 actis
801 1186 901 1244 Caesa·

59 1266 98 1323 ris
112 1286 170 1325 non
184 1267 343 1325 habebitur.
387 1273 433 1324 20.
450 1266 492 1324 At
506 1286 577 1343 quae
595 1272 637 1323 est
650 1267 706 1323 ista
719 1267 805 1323 tertia
818 1266 901 1323 deeu-

59 1347 119 1405 ria?
160 1347 377 1417 Centurionum,
392 1347 494 1423 inquit.
537 1345 630 1414 Quid?
650 1346 699 1403 isti
719 1346 813 1403 ordini
829 1346 901 1402 iudi-

16 1448 17 1451 *
61 1433 141 1483 catus
161 1427 223 1503 lege
245 1427 325 1498 Iulia,
342 1427 428 1483 etiam
451 1433 516 1484 anto
537 1425 685 1502 Pompeia,
701 1424 819 1482 Aurelia
842 1444 901 1482 uon

60 1506 195 1583 patebat?
236 1506 345 1563 Census
366 1505 707 1583 praefiniebatur,inquit.
749 1505 817 1562 Non
839 1524 902 1563 oen-

61 1585 169 1642 turioni
194 1586 311 1662 quidem
335 1587 440 1657 solnm,
459 1586 509 1644 sed
524 1585 623 1662 'equiti
648 1586 735 1643 etiam
759 1584 899 1643 Romano.

61 1663 163 1742 Itaque
177 1666 230 1722 viri
244 1667 395 1723 fortissimi
410 1673 496 1742 atque
509 1665 712 1736 honestissimi,
723 1666 773 1742 qui
788 1665 908 1722 ordines

61 1744 212 1817 duxomnt,
222 1764 266 1802 res
281 1752 310 1803 et
320 1746 448 1802 iudicant
462 1752 491 1802 et
501 1745 703 1802 iudicaverunt.
740 1745 769 1802 N
770 1764 807 1802 on
820 1765 902 1822 quae-

61 1843 102 1896 ro,
115 1825 217 1901 inquit,
230 1825 308 1882 istos
343 1825 523 1902 Quicumque
538 1825 668 1883 ordinem
683 1825 774 1896 duxit,
784 1825 899 1882 iudicet.

62 1903 104 1962 At
123 1905 146 1962 si
167 1905 287 1976 ferretis,
301 1905 473 1982 quicumque
494 1924 568 1982 equo
589 1905 746 1976 meruisset,
759 1905 838 1982 quod
859 1911 901 1962 est

61 1983 174 2056 lautius,
186 1985 295 2043 nemini
313 1984 480 2062 probaretis.
523 1984 558 2042 In
575 1985 669 2042 iudioe
686 1985 762 2042 enim
781 1984 901 2062 spectari

62 2071 91 2121 et
108 2064 226 2123 fortuna
246 2065 332 2123 dehet
352 2071 382 2122 ot
402 2065 536 2142 dignitas.
579 2064 647 2122 Non
662 2084 781 2141 quaero,
797 2065 900 2142 inquit,

61 2144 130 2202 ista:
148 2145 223 2202 addo
233 2144 319 2202 etiam
330 2145 439 2202 iudices
449 2144 640 2222 manipulares
651 2164 685 2202 ex
695 2145 808 2222 legione
815 2144 901 2202 Alau-

61 2224 169 2281 darum.
206 2224 299 2282 Aliter
319 2225 397 2282 euim
417 2224 508 2282 nostri
528 2229 635 2301 negant
655 2244 738 2303 posse
760 2244 789 2281 so
810 2224 902 2281 salvos

52 2322 130 2361 esse.
173 2304 199 2362 Ο
220 2303 459 2362 contumeliosum
477 2304 616 2361 honorem
632 2305 668 2361 iis
669 2323 761 2380 ,quos
778 2304 815 2361 ad
830 2303 902 2360 iudi·

63 2383 185 2439 candum
202 2403 255 2440 neo
272 2384 423 2460 opinantes
439 2384 562 2441 voeatis!
605 2384 662 2441 Hie
680 2384 757 2440 enim
774 2390 817 2440 est
830 2383 901 2460 logis

63 2462 202 2533 iudex,t
169 2469 202 2519 ut
219 2463 239 2519 ii
257 2482 300 2520 res
321 2463 352 2519 in
368 2464 453 2520 tertia
469 2464 583 2521 decuria
599 2463 735 2533 iudicent,
749 2463 798 2548 qui
814 2463 901 2520 libore

64 2541 188 2599 iudicare
205 2562 264 2599 non
281 2536 412 2600 audeant.
450 2542 485 2600 In
503 2563 560 2620 quo
578 2550 700 2620 quantus
715 2561 792 2599 error
808 2549 858 2612 est,
871 2542 901 2598 di

63 2621 254 2680 immortales!
276 2631 374 2680 eorum
376 2623 443 2700 ,qui
454 2624 538 2680 istam
549 2622 641 2699 legem
653 2630 766 2698 exeogrt
744 2587 901 2679 'taveruhtl

64 2700 108 2758 Ut
125 2702 201 2758 enim
221 2703 340 2780 quisque
361 2667 573 2760 sbrdidissimus
590 2701 698 2759 videbit
686 2709 741 2771 tm,
753 2702 794 2758 ita
764 2701 902 2758 tliben·
927 2735 931 2741 .

64 2781 174 2838 tissime
191 2783 338 2840 severitate
352 2782 498 2839 iudicandi
513 2783 610 2839 sordes
626 2801 690 2838 suas
707 2781 782 2839 eluet
796 2780 903 2838 labora-

64 2859 107 2917 bit
95 2866 163 2937 tque
184 2868 217 2918 ut
236 2861 347 2920 honest
327 2869 364 2919 trs
388 2863 510 2922 decuriis
531 2862 627 2939 potius
647 2862 752 2937 dignus
774 2861 903 2918 videatur

65 2959 151 3016 quam
175 2940 205 2996 in
229 2942 428 3018 turpemrure
452 2942 616 3002 coniectus.
648 2940 700 2998 IX.
738 2945 783 2997 21.
803 2940 854 2997 Ait
842 2948 902 2997 tera

64 3020 247 3097 promulgata
259 3020 361 3078 lext
319 3028 369 3091 est,
379 3028 413 3079 ut
427 3029 455 3079 et
466 3022 542 3080 de
516 3042 544 3078 vr
560 3030 589 3078 et
602 3021 759 3078 maiestatis
774 3019 901 3077 damnati

65 3099 102 3156 ad
118 3100 259 3176 populum
275 3108 440 3177 provocent,
453 3103 476 3158 si
493 3102 588 3159 velint.
632 3101 711 3157 Haeo
728 3107 825 3158 utrum
841 3106 903 3154 tan-

65 3179 131 3236 dem
146 3179 247 3238 lext
204 3189 247 3239 est
261 3199 298 3238 an
311 3179 410 3259 legum
424 3181 561 3238 nmmum
572 3179 753 3236 dhssohntxoh
788 3174 873 3232 QX*
883 3174 935 3216 Q*

208 3278 245 3332 18
