1988 3480
70 126 105 173 26
180 124 229 172 Du
246 121 398 172 IMPERIO
416 121 639 173 CN.POMP1⁴]ll
657 123 799 176 ORATIO.

74 225 123 302 qui
144 225 181 281 ad
202 243 261 280 rem
282 223 426 301 publicam
448 224 562 296 adeunt,
581 224 704 282 maxime
726 225 911 303 perspiciunt,

72 324 119 361 mc
136 304 191 360 hoc
208 323 300 380 neque
316 311 418 380 rogatu
438 305 531 361 facere
552 305 720 382 cuiusquam
741 324 832 383 neque
854 326 913 384 quo

72 384 124 440 Cn.
138 383 271 461 Pompeii
287 384 408 460 gratiam
429 384 501 440 mihi
521 403 573 461 per
593 384 666 442 hauc
687 405 800 442 causam
820 387 914 443 conci-

72 463 134 520 liari
153 469 253 540 putem
272 482 364 539 nequc
381 482 438 540 quo
455 464 528 521 mihi
544 484 579 521 ex
596 465 762 542 cuiusquam
780 465 913 541 amplitu-

69 543 139 600 dine
153 550 203 599 aut
216 543 358 618 praesidia
370 543 504 620 periculis
518 550 567 601 aut
578 544 744 602 adiumenta
753 544 912 603 honoribus

69 643 214 700 quaeram,
226 629 378 701 propterca
392 624 470 701 quod
480 624 605 701 pericula
615 625 706 694 facile,
720 631 752 681 ut
762 624 911 682 hominem

71 711 214 781 praestare
229 710 350 782 oportet,
367 704 531 762 innocentia
546 704 805 781 teetirepellemus,
822 704 912 762 hono-

71 803 131 841 rem
146 791 241 841 autem
257 803 349 861 neque
366 784 401 840 ab
417 804 474 841 uno
488 803 580 862 neque
595 803 629 840 ex
643 784 699 841 hoc
713 784 785 855 loco,
795 784 851 841 sed
867 804 911 842 ea-

59 864 137 934 ⁴dem
152 865 201 920 illa
214 870 312 921 nostra
325 863 546 920 laboriosissima
559 863 669 921 ratione
684 863 766 935 vitae,
779 864 803 920 si
817 870 911 922 vestra

9 1001 11 1007 ,
71 943 203 1000 voluutas
230 944 311 1014 feret,
335 962 548 1020 consequemur.
593 942 638 1001 71.
665 942 758 1012 Quam
787 943 824 1000 ob
849 963 909 1000 rem

72 1023 212 1100 quidquid
226 1023 255 1079 in
273 1022 326 1080 hac
343 1041 427 1080 causa
443 1023 515 1080 mihi
532 1030 696 1100 susceptum
714 1030 764 1096 cst,
775 1023 908 1094 Quirites,

70 1103 101 1160 id
118 1123 203 1160 omne
221 1122 274 1180 ego
296 1123 342 1160 me
359 1103 399 1160 rei
417 1103 547 1180 publicae
564 1123 648 1162 causa
669 1105 824 1181 suscepisse
845 1122 910 1160 con-

70 1181 161 1255 firmo,
173 1190 343 1261 tantumque
358 1183 446 1255 abest,
460 1191 491 1241 ut
505 1185 629 1262 aliquam
643 1185 716 1241 mihi
730 1184 834 1241 bonam
849 1202 911 1260 gra-

69 1264 140 1320 tiam
155 1265 295 1341 quaesisse
309 1264 413 1335 videar,
425 1271 459 1321 ut
472 1264 576 1322 multas
590 1285 636 1322 me
651 1265 738 1322 etiam
753 1264 910 1322 simultates

69 1345 173 1420 partim
190 1345 330 1413 obscuras,
343 1344 449 1421 partim
467 1352 578 1421 apertas
592 1344 751 1423 intelligam
765 1344 837 1401 mihi
850 1362 909 1400 non

69 1425 246 1496 necessarias,
262 1425 344 1482 vobis
365 1443 423 1480 non
440 1425 556 1483 inutiles
573 1427 737 1503 suscepisse.
781 1424 838 1481 Sed
854 1441 909 1499 ego

69 1523 116 1561 me
136 1504 192 1562 hoc
212 1505 322 1562 honoro
342 1505 512 1583 praeditum,
531 1506 619 1563 tantis
644 1507 744 1564 vestris
765 1503 910 1563 beneficiis

69 1584 216 1642 adfectum
233 1586 328 1659 statui,
342 1585 474 1659 Quirites,
487 1593 609 1644 vestram
627 1587 803 1644 voluntatem
824 1592 852 1641 et
869 1583 910 1640 rei

68 1665 200 1743 publicae
217 1666 389 1744 dignitatem
410 1674 439 1724 et
456 1667 575 1723 salutem
593 1667 802 1741 provinciarum
824 1672 909 1740 atque

69 1746 212 1803 sociorum
223 1747 294 1803 meis
305 1745 440 1803 omnibus
454 1743 613 1801 commodis
624 1751 653 1800 et
664 1745 821 1800 rationibus
832 1761 911 1820 prae·

68 1824 143 1881 ferro
159 1831 297 1902 oportere.
