1988 3480
113 109 145 159 44
275 107 314 158 IN
331 107 362 159 L.
379 106 581 158 CATILINAM
598 106 732 159 ORATIO
749 107 785 159 11.

112 231 171 269 non
185 210 232 269 ille
246 211 430 288 conceperit?
467 209 539 280 Quis
552 216 615 268 tota
628 209 712 268 Italia
725 208 875 283 veneficus,
887 213 956 290 qula

71 318 73 322 ¹
112 290 261 369 gladiator,
273 291 337 368 quis
349 291 431 362 latre,
442 291 506 368 quis
520 291 643 362 sicarius,
654 290 718 367 quis
728 290 877 367 parricida,
888 292 956 368 quis

112 378 348 429 testamentorum
373 370 523 441 subiector,
545 371 608 447 quis
632 370 869 447 circumscriptor,
888 373 956 448 quia

107 470 212 527 ganeo,
225 452 288 527 quis
302 470 399 527 nepos,
412 451 476 527 quis
490 450 608 521 adulter,
622 470 693 527 quac
708 450 811 507 mulier
824 450 953 525 infamis,

112 531 176 607 quis
193 537 341 607 eormptor
355 530 518 601 iuventutis
532 530 595 607 quis
612 537 769 607 corruptus,
782 530 846 607 quis
858 531 956 607 perdi·

111 618 158 667 tus
175 611 296 667 inveniri
309 616 405 686 potest
420 611 469 687 qui
487 629 516 667 sc
533 629 599 667 eum
616 609 740 667 Catilina
755 629 814 666 nen
830 610 954 669 familia-

111 692 221 747 rissime
233 690 334 746 vixisse
345 689 487 752 fateaturl
505 708 576 766 quae
590 689 689 747 caedes
699 709 751 767 per
760 689 846 747 hosce
860 708 955 748 annes

112 770 172 826 sine
189 769 239 826 illo
254 769 331 825 facta
347 770 407 826 estl
428 769 506 846 quod
521 768 662 826 nefarium
679 777 810 846 stuprum
826 788 885 827 nou
900 788 954 847 per

111 849 211 906 illuml
250 854 275 905 8.
298 848 359 905 Iam
373 867 440 905 vero
455 867 526 926 quae
540 854 621 905 tanta
633 868 769 926 umquam
784 849 814 905 in
828 848 886 906 ullo
901 849 954 908 ho-

111 928 189 984 mine
200 927 357 985 iuventutis
367 927 499 985 illecebra
508 929 567 985 fuit
577 935 684 1005 quanta
693 930 724 985 in
734 929 802 986 illel
819 930 869 1005 qui
879 929 952 988 alios

112 1006 226 1064 amabat
236 1007 298 1084 ipse
311 1008 482 1084 turpissime,
493 1008 613 1065 aliorum
627 1009 717 1065 amori
728 1008 951 1086 flagitiosissime

112 1086 267 1144 serviebat:
290 1086 352 1143 aliis
367 1088 494 1146 fructum
511 1088 672 1160 libidinum,
684 1088 746 1145 aliis
762 1095 885 1146 mortem
901 1109 952 1166 pa·

111 1173 225 1224 rentum
247 1186 307 1226 non
328 1167 416 1225 modo
437 1168 619 1245 impellendo,
637 1177 743 1226 verum
761 1169 847 1226 etiam
871 1169 952 1227 adiu·

111 1247 205 1305 vando
227 1247 421 1323 pollicebatur.
463 1247 548 1307 Nune
571 1267 746 1326 veroquam
771 1248 866 1306 subito
890 1268 951 1307 uon

111 1327 204 1384 solum
223 1347 258 1384 ex
274 1328 352 1399 urbe,
367 1347 466 1385 verum
485 1328 575 1386 etiam'
591 1348 626 1386 ex
644 1330 720 1405 agris
736 1329 883 1406 ingentem
899 1348 953 1387 nu-

110 1427 221 1464 merum
232 1408 410 1484 perditorum
421 1408 571 1467 homiuum
584 1409 752 1486 eollegerat!
782 1407 876 1466 Nemo
890 1428 950 1471 non

110 1487 198 1544 modo
215 1486 333 1560 Itomae,
349 1489 400 1546 sed
417 1508 454 1546 ne
472 1489 531 1546 ullo
551 1489 668 1567 quidem
686 1489 716 1545 in
736 1488 841 1566 angulo
859 1487 952 1547 totius

110 1567 210 1625 Italiae
227 1587 380 1646 oppressus
398 1588 461 1627 aere
479 1570 572 1627 alieno
588 1569 647 1626 fuit
664 1588 749 1645 quem
765 1588 823 1626 non
841 1568 952 1628 adhoc

109 1648 276 1706 incredibile
293 1650 404 1708 sceleris
420 1649 524 1707 foedus
542 1648 680 1706 asciverit
723 1648 759 1707 V.
803 1654 828 1706 9.
850 1647 952 1725 Atque

109 1736 142 1786 ut
159 1730 219 1786 eius
236 1730 348 1787 diversa
364 1730 459 1787 studia
471 1730 502 1785 in
516 1728 649 1786 dissimili
665 1729 775 1786 ratione
791 1729 952 1805 perspicere

109 1809 234 1885 possitis,
247 1828 332 1865 nemo
349 1817 392 1866 est
406 1809 436 1864 in
450 1808 518 1865 ludo
533 1808 703 1884 gladiatorio
720 1808 816 1885 paullo
833 1809 869 1865 ad
882 1808 952 1866 faci·

109 1906 164 1943 nus
178 1887 312 1944 audacior
324 1888 373 1964 qui
383 1906 413 1944 se
423 1906 481 1943 non
492 1887 628 1945 intimum
640 1888 778 1946 Catilinae
793 1907 852 1946 csse
862 1888 950 1946 fatea«

109 1973 164 2036 tur,
182 1985 268 2023 nemo
290 1967 320 2022 iu
344 1985 445 2022 scaena
464 1966 554 2024 levior
578 1974 607 2024 et
630 1968 750 2044 nequior
770 1969 821 2044 qui
841 1987 871 2025 se
890 1986 951 2026 uon

110 2046 237 2104 eiusdem
251 2065 341 2122 prope
356 2045 481 2102 sodalem
495 2047 584 2104 fuisse
598 2055 810 2105 commemoret
851 2046 952 2124 Atque

110 2126 186 2183 idem
197 2132 303 2196 tamen,
314 2132 477 2201 stuprorum
492 2134 521 2183 et
536 2126 672 2184 scelerum
687 2127 888 2184 exercitatione
903 2127 952 2185 ad·

110 2205 254 2263 suefaetus
271 2205 378 2281 frigore
396 2212 425 2262 et
438 2206 515 2263 fame
532 2226 564 2264 ac
581 2207 630 2264 siti
644 2214 673 2264 et
686 2208 792 2284 vigiliis
809 2208 952 2284 perferen·

110 2286 163 2356 dis,
185 2285 270 2342 fortis
300 2285 336 2342 ab
363 2285 427 2342 istis
453 2286 678 2362 praedicabatur,
700 2306 766 2344 cum
794 2287 952 2346 industriae

111 2365 238 2423 subsidia
254 2372 340 2444 atque
354 2366 544 2424 instrumenta
560 2367 673 2424 virtutis
687 2367 717 2423 in
731 2366 850 2424 libidine
867 2367 952 2424 auda-

110 2447 210 2523 ciaque
229 2452 415 2505 consumeret
460 2451 505 2503 10.
528 2446 616 2504 Hunc
633 2466 699 2503 vero
719 2446 743 2503 si
762 2448 851 2504 secuti
868 2454 953 2506 erunt

111 2527 161 2582 sui.
171 2527 298 2598 comites,
314 2527 339 2583 si
355 2545 389 2582 ex
406 2525 475 2583 urbe
493 2526 613 2583 exierint
629 2526 844 2603 desperatomm
860 2526 953 2584 homi·

110 2625 180 2663 num
198 2606 332 2684 flagitiosi
347 2625 487 2683 gregeso
504 2626 557 2664 nos
573 2605 712 2677 beateae
729 2627 789 2664 rem
806 2607 950 2683 publicam

110 2685 296 2757 fortunatam,
317 2706 334 2742 0
356 2686 528 2762 praeclaram
551 2686 665 2743 laudem
690 2687 853 2744 consulatus
876 2687 951 2758 meil

111 2764 179 2822 Non
200 2766 276 2822 enim
295 2767 352 2822 iam
374 2774 440 2824 sunt
461 2767 618 2824 mediocres
638 2766 790 2824 hominum
809 2767 950 2838 libidines

111 2864 169 2902 non
184 2844 323 2902 humanae
338 2865 370 2903 ae
384 2847 547 2904 tolerandae
564 2847 714 2904 audaciae:
737 2847 808 2904 nibil
823 2848 952 2923 cogitant

111 2925 166 2980 nisi
185 2924 292 2995 caedes
308 2925 363 2982 uisi
380 2926 519 2997 incendia,
536 2928 591 2984 nisi
611 2927 730 3002 rapinas
774 2928 952 2984 Patrimonia

112 3023 162 3060 sua
175 3004 373 3081 profuderunt,
385 3006 516 3063 fortunas
530 3027 594 3064 suas
609 3006 823 3083 obligaverunt:
845 3027 889 3063 res
903 3026 951 3063 cos

111 3083 170 3140 iam
186 3084 306 3159 pridem,
321 3084 392 3143 fides
412 3105 503 3163 nuper
522 3087 640 3145 deficere
661 3087 773 3163 coepit:
796 3086 895 3143 eadem
912 3092 952 3142 ta

105 3179 174 3220 men
190 3163 247 3235 illa,
265 3184 337 3243 quae
358 3172 418 3226 erat
434 3166 464 3226 iu
485 3165 674 3243 abundantia,
687 3166 782 3227 libide
800 3170 965 3241 permanet
