1988 3480
174 131 204 189 g
259 103 264 110 '
292 119 369 169 cnr.
387 119 677 183 v1.-vm.,§13-1s.
871 125 903 172 sc

67 222 168 302 Itaque
185 240 244 278 non
258 241 292 279 ex
306 241 436 280 sermone
448 223 600 280 hominum
616 225 731 296 recenti,
744 223 794 282 sed
808 243 842 281 ex
856 243 903 280 an-

66 305 174 362 nalium
199 309 340 360 vetustate
367 303 490 360 eruenda
516 303 655 361 memoria
678 310 721 361 est
745 303 904 361 nobilitatis

66 391 139 442 tuac.
182 384 246 453 Qua
264 403 294 440 re
312 402 366 460 ego
382 389 411 439 te
429 402 541 459 semper
557 384 586 439 in
606 390 735 439 nostrum
752 402 903 439 numerum

66 465 219 540 adgregare
234 463 319 534 soleo,
331 462 409 539 quod
419 463 523 519 virtute
537 462 733 539 industriaque
747 463 901 539 perfecisti,

67 551 107 613 ut,
125 562 191 599 cum
212 544 315 620 equitis
335 543 459 600 Romani
480 561 554 598 esses
574 541 657 613 filius,
675 561 787 598 summa
806 550 903 600 tamen

66 622 254 697 amplitudine
284 624 389 700 dignus
418 629 557 700 putarere,
582 641 634 678 nec
664 621 736 678 mihi
766 641 902 698 umquam

65 702 161 758 minus
182 703 213 758 in
234 703 525 780 QPompei0,.n0vo
549 701 667 758 homine
691 708 720 758 et
737 701 902 758 fortissimo

65 784 134 854 viro,
150 783 264 840 virtutis
282 803 342 842 esse
360 783 453 840 visum
472 788 515 840 est
534 801 620 859 quam
639 783 669 838 in
687 781 804 838 homine
824 781 903 838 nobi-

65 861 174 920 lissimo
195 863 233 920 M.
249 863 381 921 Aemilio.
423 863 538 920 Etenim
560 862 687 920 eiusdem
708 861 797 918 animi
817 868 902 937 atquc

65 942 173 1018 ingenii
188 950 231 1000 est
243 944 364 1020 posteris
377 943 443 1014 suis,
454 943 532 1020 quod
545 943 702 1019 Pompeius
716 942 793 1012 fecit,
804 941 903 1019 ampli-

64 1023 194 1080 tudinem
211 1024 342 1094 nominis,
356 1042 440 1100 quam
455 1042 513 1080 non
528 1023 675 1099 acceperit,
688 1022 807 1091 tradere,
821 1029 857 1091 et,
871 1028 902 1077 ut

64 1102 192 1174 Scaurus,
205 1104 372 1160 memoriam
388 1122 478 1180 prope
494 1103 713 1160 intermortuam
729 1102 841 1178 generis
858 1101 902 1158 sui

64 1181 168 1239 virtute
182 1203 322 1240 renovare.

104 1261 186 1319 VIII.
227 1263 271 1319 17.
291 1262 470 1339 Quamquam
486 1281 539 1338 ego
554 1263 610 1319 iam
625 1261 770 1338 putabam,
783 1260 900 1331 iudices,

63 1340 162 1397 multis
178 1341 246 1398 viris
261 1343 384 1399 fortibus
403 1362 439 1398 ne
456 1342 621 1418 ignobilitas
638 1342 749 1417 generis
769 1341 902 1397 obiicere-

63 1421 299 1491 tur,n'1eo,laborc
313 1441 372 1478 esse
382 1422 550 1497 perfectum,
561 1422 610 1497 qui
621 1440 679 1476 non
694 1420 781 1476 modo
797 1420 899 1490 Curiis,

64 1499 229 1570 Catonibus,
245 1500 399 1574 Pompeiis,
415 1501 540 1576 antiquis
559 1500 623 1570 illis,
639 1499 804 1556 fortissimis
823 1500 899 1572 viris,

63 1580 146 1635 novis
159 1579 331 1648 hominibus,
344 1580 394 1636 scd
407 1579 453 1635 his
467 1579 635 1648 recentibus,
648 1579 745 1635 Mariis
762 1586 791 1637 et
805 1579 902 1636 Didiis

64 1664 93 1715 et
107 1657 218 1728 Caeliis,
231 1658 487 1714 commemorandis
501 1658 637 1714 iacebant.
676 1658 750 1715 Cum
765 1679 831 1716 vcro
846 1679 901 1736 ego

63 1742 145 1793 tanto
163 1736 309 1794 intervallo
326 1737 447 1794 claustra
462 1738 518 1794 ista
534 1737 692 1794 nobilitatis
711 1737 900 1814 refregissem,

63 1823 96 1873 ut
110 1817 204 1873 aditus
220 1816 257 1872 ad
270 1817 447 1874 consulatum
462 1817 589 1894 posthac,
602 1818 675 1874 sicut
689 1818 765 1894 apud
779 1820 901 1876 maiores

62 1903 175 1953 nostros
191 1896 256 1965 fuit,
268 1917 326 1953 non
343 1898 434 1973 magis
450 1897 594 1954 nobilitati
609 1916 695 1974 quam
709 1899 809 1956 virtuti
823 1907 902 1976 pate-

62 1981 113 2045 ret,
129 1995 188 2033 non
207 1976 369 2047 arbitrabar,
385 1996 449 2034 cum
467 1997 501 2034 cx
518 1977 628 2034 familia
644 1979 733 2035 veteri
752 1985 780 2036 et
797 1979 900 2037 illustri

62 2056 160 2112 consul
181 2056 345 2133 designatus
366 2056 401 2113 ab
422 2057 526 2134 equitis
546 2057 669 2114 Romani
690 2058 759 2130 filio,
775 2061 898 2131 consule,

61 2135 268 2206 defenderetur,
291 2136 327 2194 de
350 2137 461 2212 generis
485 2138 612 2194 novitate
639 2146 816 2196 accusatores
840 2160 899 2196 esse

61 2215 195 2274 dicturos.
237 2216 352 2272 Etenim
370 2216 513 2292 mihiipsi
531 2217 642 2287 accidit,
655 2226 687 2274 ut
704 2238 770 2275 cum
787 2219 900 2276 duobus

61 2295 195 2370 patriciis,
206 2295 294 2352 altero
304 2295 517 2372 improbissimo
529 2303 614 2372 atque
625 2298 821 2367 audacissime,
832 2297 900 2354 alte·

60 2392 93 2430 ro
110 2375 321 2432 modestissimo
338 2382 423 2452 atque
439 2377 550 2451 optimo
568 2377 637 2447 viro,
652 2384 796 2453 peterem:
819 2397 899 2454 supe

61 2455 120 2510 ravi
130 2460 224 2512 tamen
235 2455 374 2530 dignitate
385 2454 546 2526 Catilinam,
555 2457 647 2531 gratia
655 2456 783 2512 Galbam.
813 2455 899 2524 Quod

61 2533 85 2589 si
99 2533 130 2589 id
144 2533 250 2590 crimen
261 2533 372 2591 homini
382 2554 457 2591 novo
472 2554 531 2592 esse
546 2535 669 2604 deberet,
680 2536 811 2612 profecto
826 2537 898 2592 milri

61 2630 153 2688 neque
167 2613 277 2670 inimici
290 2633 381 2690 neque
395 2614 485 2671 invidi
500 2614 665 2671 defuissent.
710 2621 754 2671 18.
777 2615 899 2672 Omitta-

60 2710 125 2748 mus
137 2693 224 2768 igitur
234 2694 270 2752 de
283 2713 384 2770 genere
399 2694 499 2764 dicere,
510 2694 590 2750 cuius
604 2701 647 2750 est
661 2713 765 2770 magna
779 2695 808 2750 in
823 2703 899 2752 utro-

61 2790 116 2846 que
131 2772 271 2848 dignitas:
292 2774 438 2830 videamus
452 2781 551 2830 cetera.

97 2856 283 2925 Quaesturam
305 2877 361 2914 una
382 2857 467 2934 petiit
489 2863 518 2914 et
540 2876 603 2914 sum
625 2875 679 2933 ego
700 2857 794 2915 factus
815 2858 901 2934 prior.

58 2956 115 2994 non
146 2943 188 2993 est
214 2936 447 3013 respondendum
479 2936 516 2993 ad
548 2937 652 2994 omnia.
694 2936 796 3014 Neque
826 2937 902 2994 enim

57 3035 229 3093 quemquam
248 3023 373 3073 vestrum
390 3016 476 3092 fugit,
494 3036 559 3073 cum
579 3016 664 3073 multi
682 3017 744 3092 pari
763 3016 902 3093 dIgnitatc

57 3095 133 3166 liant,
147 3115 221 3152 unus
236 3102 334 3153 autem
347 3096 474 3172 primum
493 3096 569 3152 solus
587 3095 679 3172 possit
695 3096 831 3166 obtinere,
843 3115 901 3153 non

56 3175 189 3235 eumdem
211 3195 271 3235 esse
297 3175 428 3236 ordinem
450 3175 608 3256 dignitatis
631 3181 664 3233 et
679 3172 931 3232 senseramus,
