1988 3480
96 107 144 153 210
244 103 313 154 PRO
330 103 427 153 REGE
443 99 630 173 DEIOTARO
642 100 800 154 ona'mo.

96 207 161 283 (pria
177 225 233 261 non
250 211 344 261 nosset
359 205 402 261 rel
417 205 440 262 si
455 212 560 274 nosset,
572 196 786 262 contemneret
826 210 880 264 24.
895 207 953 266 Aa

96 287 134 342 ilii
150 286 240 361 'etiam
260 285 337 352 illud,
350 285 459 361 equites
476 303 532 340 non
551 283 678 360 optimos
695 283 826 344 misisse.
868 287 952 347 Vete-

95 385 145 429 res,
158 364 250 433 eredo,
263 367 381 420 t'riemr:
405 363 476 420 nihil
490 363 526 419 ad
540 371 621 419 tuum
636 363 818 439 equitatum,
832 368 888 425 sed
901 370 950 426 mi-

94 445 129 501 sit
148 464 180 500 ei·
197 444 238 511 iis,
252 464 323 520 qnos
341 444 448 511 halant,
461 442 572 499 eleetos
615 442 668 498 Ait
682 445 787 503 nescio
806 467 899 525 quem
915 468 947 507 ex

93 545 127 581 eo
153 543 271 580 munero
297 543 406 580 servum
429 523 593 580 indicatum.
636 521 705 580 Non
730 525 874 600 arbitror,
890 549 946 586 non

93 604 208 661 amlivi:
234 603 284 660 scd
302 604 329 659 in
348 624 389 671 eo,
406 604 493 660 etiam
512 603 536 659 si
554 602 712 675 accidisset,
728 605 855 684 culpam
873 610 946 687 regis

94 684 198 741 nnllam
215 684 303 740 fuisse
317 683 472 740 arbitrarer.

135 764 185 820 lx.
205 763 309 819 Alieno
334 772 429 819 autem
454 782 471 818 a
492 770 521 819 tc
546 761 642 819 animo
665 782 723 839 quo
746 767 844 825 modo
868 769 945 827 fuitl

93 844 230 920 speravit,
241 842 335 909 crido,
346 841 474 898 difficiles
487 842 539 899 tibi
552 841 749 901 Alexandreae
763 845 832 904 fore
849 850 944 906 exitus

93 930 209 998 prepter
226 922 375 995 regionum
391 930 520 979 mrtnram
538 928 566 979 et
580 921 714 980 fluminis.
758 923 806 982 At
819 947 858 984 eo
873 927 943 986 tein-

93 1021 161 1078 pare
180 1001 243 1076 ipso
260 1001 409 1076 pecuniam
430 1002 518 1072 dedit,
531 1002 685 1059 exercitum
706 1003 790 1076 aluit,
804 1007 840 1078 ei,
856 1028 941 1086 quem

94 1081 177 1137 miae
198 1080 381 1155 praefeceras,
397 1081 427 1136 in
449 1082 526 1142 nulla
549 1102 578 1138 re
599 1082 699 1139 defuit
743 1083 815 1143 Tibi
837 1088 941 1146 victori

93 1181 150 1217 non
165 1161 257 1217 solum
272 1160 309 1217 ad
323 1160 489 1236 hospitium,
503 1161 552 1218 sed
566 1162 602 1218 ad
616 1161 777 1236 pericnlum
793 1167 888 1224 etiam
902 1175 939 1226 at

93 1262 147 1318 que
162 1241 197 1298 ad
212 1241 301 1299 aciem
316 1248 429 1318 praesto
443 1241 507 1298 fnit.
552 1248 597 1297 25,
613 1241 751 1298 Secutum
768 1252 815 1301 est
830 1245 940 1304 bellum

92 1323 270 1380 Africanum.
313 1322 419 1378 vaes
440 1321 475 1377 dc
494 1329 523 1378 te
544 1338 686 1377 rumores:
708 1323 757 1398 qui
781 1320 873 1382 etiam
896 1328 941 1384 fu·

93 1402 199 1458 riosum
215 1402 293 1459 illum
309 1402 464 1459 Caecilium
482 1401 681 1458 excitaverunt.
725 1400 792 1469 Quo
808 1412 876 1462 tum
891 1426 940 1464 rex

16 1499 19 1506 ·
93 1474 173 1557 [erga
197 1480 238 1559 te]
260 1482 356 1538 animo
377 1482 453 1538 fuitl
477 1482 525 1557 qni
549 1481 728 1538 auctionatus
753 1482 792 1538 sit
817 1504 941 1564 seseque

92 1561 213 1637 spoliare
230 1561 361 1618 maluerit
375 1581 461 1638 quam
475 1562 528 1617 tibi
542 1560 692 1637 pecuniam
707 1580 766 1617 non
781 1563 941 1624 subminis

92 1648 173 1698 trare.
216 1641 257 1697 At
278 1660 321 1711 eo,
337 1641 438 1718 inquit,
453 1649 582 1717 ternpore
604 1641 665 1717 ipso
683 1639 821 1700 Nicaeam
843 1644 941 1723 Ephe-

92 1741 211 1798 sumque
223 1721 356 1778 mittebat
367 1721 415 1796 qni
430 1741 556 1777 mmores
565 1720 717 1777 Africanos
728 1721 900 1798 exciperent
911 1732 941 1785 et

92 1801 220 1858 celeriter
238 1802 275 1858 ad
292 1821 321 1858 se
338 1801 483 1857 referrent.
526 1800 626 1878 Itaque
643 1820 709 1857 curn
726 1809 801 1857 esset
819 1804 847 1860 ei
864 1824 940 1863 nun-

91 1881 195 1937 tiatum
206 1880 370 1937 Domitium
382 1880 532 1954 naufragio
543 1881 656 1956 perisse,
667 1887 698 1952 te⁴
708 1880 737 1935 in
752 1883 872 1940 castello
885 1886 941 1943 cir·

91 1960 258 2028 cmnsederi,
269 1960 304 2015 do
318 1958 450 2015 Domitio
462 1960 535 2015 dixit
550 1980 660 2016 versum
675 1959 816 2016 Graecum
833 1964 939 2022 eadem

91 2040 241 2107 sententia,
254 2057 310 2114 qua
323 2036 527 2094 nos'habemus
542 2038 692 2096 Latinum:

159 2118 283 2174 Pereunt
298 2116 392 2186 amici,
402 2116 472 2171 dnm
487 2117 597 2173 inliniri
611 2139 669 2175 aaa
684 2120 864 2180 intercidant.

91 2198 176 2266 Quod
187 2196 242 2267 illc,
253 2197 277 2252 si
288 2202 360 2253 essct
371 2195 425 2252 tibi
436 2196 657 2269 inimicissimus,
667 2219 824 2276 numquam
835 2210 945 2264 tamen·

91 2279 225 2335 dixisset:
247 2277 308 2354 ipse
319 2276 396 2333 enim
410 2285 582 2349 mansuetus,
593 2298 688 2335 versus
702 2280 844 2339 immanis.
878 2283 938 2352 Qui

91 2367 187 2416 autern
209 2358 340 2416 Domitio
362 2363 475 2433 poterat
495 2377 555 2414 csse
579 2358 695 2428 amicus,
712 2360 760 2434 qni
782 2361 836 2416 tibi
859 2372 939 2422 esset

91 2440 242 2497 inimicus?
278 2438 344 2495 Tibi
355 2456 440 2514 porro
455 2436 588 2493 inimicus
602 2457 652 2493 cur
668 2445 749 2508 esset,
761 2459 778 2494 a
792 2459 851 2515 quo
867 2461 937 2501 cum

91 2519 140 2575 vel·
150 2518 270 2576 interfici
284 2517 350 2575 belli
365 2517 427 2593 lege
441 2513 589 2592 potuisset,
603 2535 698 2592 regern
714 2525 742 2573 et
756 2537 785 2574 se
800 2526 828 2574 et
838 2519 937 2591 filium

91 2617 175 2654 suum
186 2599 358 2655 constitutos
369 2616 428 2654 esse
443 2597 637 2653 meminisset?
668 2601 713 2652 26.
724 2596 800 2664 Quid
811 2598 937 2659 deindel
980 2635 984 2641 ·

91 2677 211 2734 furcifer
232 2696 289 2754 qno
310 2676 511 2753 progrediturl
547 2675 600 2732 Ait
617 2675 669 2732 hac
690 2675 799 2732 laetitia
814 2677 937 2737 Deiota-

90 2776 154 2813 rum
170 2757 275 2813 elatum
291 2757 357 2812 vino
375 2776 404 2812 se
422 2754 548 2812 obruisse
565 2755 595 2811 in
615 2756 803 2832 convivioque
819 2759 934 2816 nudum

91 2836 243 2893 saltavisse.
279 2835 359 2904 Quae
372 2854 440 2891 crux
454 2834 521 2891 huic
535 2835 660 2911 fugitivo
674 2842 770 2911 potest
784 2837 852 2892 satis
866 2857 935 2917 snp-

91 2916 171 2992 plicii
188 2916 318 2973 adferret
358 2915 528 2971 Deiotarum
546 2915 695 2973 saltantem
714 2916 863 2992 qnisquam
881 2927 934 2977 aut

48 3007 51 3012 ’
91 2996 202 3052 ebrium
221 2996 293 3052 vidit
314 2994 470 3070 umquaml
510 2993 617 3050 Omnes
638 2994 667 3050 in
687 2994 736 3050 illo
753 3000 820 3050 sunt
836 2997 932 3070 regiae

92 3076 218 3146 virtutes,
232 3075 311 3151 qnod
326 3082 364 3143 te,
377 3073 488 3143 Caesar,
504 3073 633 3148 ignorare
655 3093 712 3129 non
734 3073 863 3142 arbitror,
879 3077 932 3132 sed

91 3156 242 3231 praecipue
268 3153 418 3231 singularis
440 3159 469 3210 et
491 3153 658 3209 admiranda
681 3153 848 3227 frugalitas:
875 3156 930 3211 etsi
