1988 3480
294 122 376 173 car.
396 118 551 185 vania„
568 122 582 183 s
598 124 686 173 ir-re.
863 125 911 174 209

69 234 155 285 caret.
198 223 265 284 Non
280 225 363 284 video
380 245 495 284 eausam
515 227 647 285 mutandi
669 227 733 299 loci,
748 227 799 285 sed
815 234 911 287 tamen

69 314 135 364 acta
158 326 202 363 res
226 307 377 364 criminose
398 313 449 364 est
492 306 575 378 Cum,
590 307 691 385 inquit,
707 326 821 365 vomere
844 316 913 385 post

70 406 171 444 cenam
185 394 214 443 te
229 386 300 443 velle
317 386 443 458 dixisses,
455 387 486 442 in
500 386 633 444 balneum
650 394 679 443 te
696 386 798 444 ducere
811 406 912 465 coepe·

69 474 154 524 runt:
176 466 217 522 ibi
232 466 309 523 enim
320 473 400 523 erant
414 466 541 528 insidiae.
578 467 620 522 At
634 473 662 523 tc
677 465 776 524 eadem
790 473 841 524 tua
853 468 912 525 for-

70 553 142 604 tuna
155 547 292 604 servavit:
314 546 344 602 in
359 545 490 604 cubiculo
504 545 588 602 malle
602 545 707 602 dixisti.
750 546 790 603 Di
807 554 835 604 te
849 567 910 623 per·

68 627 163 697 duint,
175 626 314 703 fugitive!
335 626 376 682 ita
392 645 451 682 non
468 626 555 682 modo
572 644 695 703 nequam
710 632 739 682 et
752 625 908 702 improbus,

70 707 121 763 sed
138 707 235 763 fatuus
256 713 285 763 et
301 724 399 762 amens
416 725 454 762 es
495 704 592 772 Quid?
612 705 660 772 ille
676 705 758 781 signa
774 713 864 763 aenea
879 707 910 763 in

69 786 182 843 insidiis
199 793 340 862 posuerat,
354 805 425 862 quae
442 804 458 842 e
474 784 577 842 balneo
594 781 805 842 in·oubiculum
822 793 911 843 trans-

66 865 139 922 ·ferri
152 885 210 922 non
225 867 360 942 possenti
390 865 488 925 Habes
502 864 623 923 crimina
636 864 819 922 insidiarum:
837 864 909 923 nihil

66 946 148 1001 enim
164 945 238 1002 dixit
252 946 385 1023 amplius.
427 946 550 1017 Horu'm,
563 945 666 1022 inquit,
679 964 755 1002 eram
770 945 907 1004 conscius.

61 1023 148 1093 Quid
161 1026 241 1082 tuml
276 1025 322 1082 Ita
335 1026 381 1083 ille
395 1025 513 1084 demens
529 1032 597 1096 erat,
610 1032 644 1082 ut
657 1044 731 1096 eum,
744 1043 829 1101 quem
844 1044 910 1082 con-

66 1106 160 1173 scium
169 1105 242 1162 tanti
253 1105 364 1163 sceleris
374 1106 499 1178 haberet,
509 1125 566 1164 ase
577 1104 754 1162 dimitteret?
784 1104 908 1162 Romam

65 1185 155 1242 etiam
172 1185 307 1257 mitteret,
320 1185 370 1243 ubi
387 1193 416 1243 et
432 1186 662 1243 inimicissimum
681 1185 765 1242 sciret
784 1203 844 1241 esse
861 1202 909 1243 ne-

68 1272 167 1341 potem
192 1285 275 1322 suum
300 1272 330 1322 et
350 1265 381 1322 C.
395 1265 553 1336 Caesarem,
571 1266 618 1322 cui
641 1265 757 1321 fecisset
781 1264 907 1336 insidias,

67 1345 234 1420 praesertim
252 1364 317 1401 cum
336 1345 360 1400 is
379 1364 453 1401 unus
469 1351 542 1401 esset
559 1345 609 1420 qui
625 1350 722 1420 posset
739 1344 775 1400 de
792 1342 908 1401 absente

67 1442 99 1479 se
112 1424 256 1480 indicaret
291 1430 336 1480 22.
352 1422 391 1480 Et
404 1424 506 1480 fratros
519 1443 607 1494 mooe,
618 1423 722 1500 inquit,
732 1423 814 1499 'quod
827 1429 909 1480 erant

67 1503 183 1572 conscii,
194 1503 223 1558 in
235 1502 347 1559 vincula
360 1503 489 1560 coniecit.
525 1502 600 1559 Cum
614 1502 703 1577 igitur
717 1522 765 1560 eos
779 1503 907 1574 vinciret,

67 1601 141 1658 quos
162 1601 258 1638 secum
278 1580 409 1653 habebat,
425 1589 454 1640 te
475 1581 600 1639 solutum
621 1582 744 1640 Romam
763 1582 907 1653 mittebat,

66 1661 118 1738 qui
133 1661 232 1721 eadem
249 1661 341 1733 scires,
354 1681 426 1739 quae
440 1662 504 1719 illos
519 1663 588 1720 scire
605 1662 695 1719 dicisl

109 1741 192 1799 VIII.
208 1740 329 1817 Reliqua
344 1761 410 1818 pars
426 1742 613 1798 accusationis
630 1741 734 1818 duplex
751 1742 825 1799 fuit:
850 1757 908 1800 una

67 1838 165 1896 regem
179 1821 210 1876 in
227 1821 348 1897 speculis
364 1822 453 1878 fuisse
470 1840 589 1898 semper,
602 1839 668 1879 cnm
681 1840 699 1878 a
711 1828 740 1879 te
755 1822 852 1879 animo
866 1841 908 1879 es·

66 1908 111 1957 set
128 1900 228 1971 alieno,
241 1900 328 1958 altera
348 1902 503 1959 exercitum
521 1920 586 1958 eum
607 1908 707 1958 contra
722 1908 751 1959 te
767 1921 907 1978 magnum

65 1999 253 2057 comparasse.
294 1980 340 2038 De
357 1981 483 2038 exercitu
499 1981 593 2038 dicam
610 1981 740 2053 brevitor,
753 1986 786 2038 ut
803 1989 904 2040 cetera.

67 2058 233 2137 Numquam
254 2079 300 2117 eas
321 2061 418 2139 copias
438 2081 487 2118 rex
506 2061 664 2118 Deiotarus
679 2061 788 2133 habuit,
802 2063 906 2139 quibus

66 2139 171 2197 inferre
191 2139 298 2197 bellum
318 2141 427 2217 populo
448 2141 581 2198 Romano
604 2149 708 2218 posset,
727 2142 777 2199 sed
802 2142 906 2218 quibus

61 2217 136 2276 -fines
153 2238 222 2276 suos
241 2219 277 2276 ab
295 2220 509 2278 excursionibus
530 2229 558 2279 et
576 2220 732 2279 latrociniis
750 2215 903 2298 [hostium]

64 2305 193 2356 tueretur
217 2306 246 2356 et
269 2299 488 2376 imperatoribus
512 2302 616 2357 nostris
639 2301 744 2358 auxilia
767 2302 903 2358 mitteret

66 2378 164 2454 Atque
185 2384 268 2434 antea
289 2379 404 2455 quidem
426 2380 547 2437 maiores
568 2380 664 2456 copias
684 2380 758 2437 alere
774 2387 904 2457 poterat:

66 2475 142 2514 nunc
157 2457 273 2534 exiguas
287 2459 334 2514 vix
348 2459 421 2516 tueri
434 2466 538 2536 potest.
575 2464 621 2515 23.
637 2458 679 2516 At
692 2460 771 2516 misit
786 2460 823 2516 ad
837 2459 906 2516 an-

65 2537 164 2611 qilium
186 2539 281 2596 nescio
304 2557 405 2615 quem:
427 2539 478 2598 sed
499 2557 556 2610 eos,
569 2557 641 2614 quos
664 2538 751 2609 misit,
765 2539 844 2616 quod
863 2540 905 2597 ire

66 2616 226 2687 noluerunt,
242 2618 272 2673 in
293 2617 405 2675 vincula
428 2618 557 2675 coniecit.
600 2617 667 2674 Non
692 2637 797 2694 quaero
818 2637 905 2695 quam

66 2697 124 2752 veri
142 2697 234 2753 simile
251 2698 287 2754 sit
304 2705 353 2754 aut
370 2697 501 2755 habuisse
515 2716 611 2774 regem
628 2717 700 2774 quos
714 2698 841 2755 mitteret
855 2705 905 2756 aut

66 2794 210 2851 eosquos
230 2776 362 2847 misisset,
379 2796 438 2834 non
458 2778 592 2854 paruisse,
607 2784 665 2849 aut,
681 2777 731 2854 qui
755 2777 833 2835 dicto
858 2797 906 2834 au·

67 2854 177 2911 dientes
194 2855 223 2910 in
240 2862 321 2913 tanta
340 2875 370 2914 rc
390 2876 448 2913 non
469 2857 599 2928 fuisscnt,
612 2876 660 2914 eos
679 2858 791 2914 vinctos
806 2857 905 2933 potius

67 2953 152 3010 quam
167 2943 288 2992 necatos
328 2934 385 2992 Sed
398 2944 494 2993 tamen
509 2956 575 2993 cum
589 2937 626 2993 ad
640 2936 796 2994 Caecilium
810 2937 905 2994 mitte·

65 3013 123 3086 bat,
139 3022 234 3071 utrum
256 3035 368 3072 causam
390 3015 468 3072 illam
490 3017 593 3073 victam
618 3036 678 3074 esse
702 3017 846 3075 nesciebat
867 3034 904 3073 an
968 3020 971 3025 '

42 3118 44 3123 ·
65 3093 221 3151 Caecilium
238 3095 326 3151 istum
343 3114 480 3172 magnum
497 3094 643 3152 hominem
658 3095 796 3172 putabatl
817 3115 912 3166 quem

65 3174 196 3250 profecto
217 3175 249 3247 is,
266 3174 316 3254 qui
339 3175 452 3254 optime
470 3180 592 3233 nostros
602 3173 756 3230 *nomines
769 3163 943 3228 noima&

215 3272 252 3329 17
