1988 3480
264 144 342 194 car.
359 143 581 206 :cmi-xxm,
598 143 612 202 ς
627 145 715 192 m-cs.
863 145 907 192 rcr

42 292 45 298 .
70 248 168 319 animi,
178 247 354 304 defensionis
368 247 565 304 constantiam.
601 246 650 302 An
661 265 727 303 vero
739 245 821 303 obliti
833 247 908 318 estis,

71 328 186 399 iudices,
197 327 304 384 recenti
318 326 367 383 illo
382 327 484 384 nuntio
498 326 576 384 necis
586 324 741 383 Clodianae
751 345 810 382 non
820 326 909 383 modo

70 408 253 465 inimicorum
270 406 387 464 Milonis
404 425 547 463 sermones
568 413 597 464 et
614 406 771 483 opiniones,
784 406 834 463 sed
850 425 909 463 non

70 489 214 545 nullorum
236 487 323 544 etiam
344 487 562 563 imperitorum?
604 485 755 562 Negabant
771 505 837 542 eum
854 485 908 543 Ro-

70 587 148 625 mam
174 587 233 624 esse
257 567 424 624 rediturum.
468 571 513 623 63.
533 565 599 623 Sive
620 566 696 622 enim
721 564 792 622 illud
813 566 908 622 animo
951 577 961 591 ³

70 649 143 704 irato
161 667 193 704 ac
209 647 319 724 percito
335 646 459 716 fecisset,
472 653 505 702 ut
521 645 652 702 incensus
671 644 738 702 odio
755 644 909 702 trucidaret

70 728 227 799 inimicum,
240 724 450 784 arbitrabantur
463 745 529 782 eum
543 725 617 781 tanti
633 731 755 782 mortem
770 725 803 781 P.
814 724 909 782 Clodii

70 815 193 883 putasse,
206 814 238 864 ut
249 826 340 884 aequo
355 806 451 863 animo
462 805 555 882 patria
568 812 682 875 careret,
695 825 760 861 curn
771 804 909 881 sanguine

70 887 180 944 inimici
191 887 330 964 explesset
339 886 438 944 odium
450 903 547 942 suum:
566 885 624 942 sive
635 885 721 942 etiarn
730 884 806 941 illius
817 892 909 942 morte

70 967 191 1043 patriam
210 967 328 1024 liberare
345 966 488 1037 voluisset,
504 985 563 1022 non
585 965 782 1022 dubitaturum
801 964 908 1021 fortem

70 1047 162 1103 virum
183 1048 261 1124 quin,
276 1066 342 1104 cum
363 1066 415 1103 suo
436 1045 562 1123 periculo
584 1045 704 1102 salutem
725 1043 833 1121 populo
853 1044 909 1102 Ro-

69 1146 155 1183 mano
172 1128 321 1199 attulisset,
333 1126 446 1185 cederet
459 1145 550 1204 aequo
567 1125 663 1182 animo
680 1123 799 1201 legibue,
812 1143 908 1181 secum

68 1207 194 1264 auferret
213 1207 334 1284 gloriam
359 1207 571 1283 sempiternam,
587 1205 669 1262 vobis
693 1205 762 1261 haec
786 1205 909 1261 fruenda

69 1287 247 1362 relinqueret,
261 1306 333 1363 quac
349 1287 410 1363 ipse
432 1292 575 1342 servasset.
618 1284 704 1340 Multi
725 1284 810 1340 etiarn
832 1284 908 1341 Cati-

69 1365 157 1422 linam
185 1373 270 1442 atque
294 1366 343 1422 illa
366 1372 499 1441 portenta
522 1363 727 1440 loquebantur:
759 1362 906 1440 Erumpet,

70 1445 222 1521 occupabit
232 1445 355 1521 aliquem
370 1445 473 1514 locurn,
485 1443 592 1501 bellum
606 1443 819 1520 patriaefaciet.
856 1442 908 1499 Mi-

70 1543 146 1581 seros
163 1524 306 1581 interdum
324 1524 399 1580 cives
416 1524 524 1601 optime
546 1523 581 1580 de
600 1543 630 1581 re
648 1523 763 1600 publica
780 1523 905 1595 meritos,

69 1604 99 1660 in
125 1603 228 1680 quibas
252 1603 384 1660 homines
408 1622 466 1659 non
491 1603 579 1659 modo
603 1623 648 1660 res
671 1603 908 1680 praeclarissimas

70 1683 285 1754 obliviscuntur,
302 1683 454 1739 sedetiam
476 1682 598 1739 nefarias
620 1683 816 1759 suspicantur!
859 1688 905 1740 64.

69 1763 147 1839 Ergo
162 1762 210 1819 illa
220 1762 292 1819 falsa
302 1763 426 1832 fuerunt,
439 1781 510 1838 quae
525 1769 600 1819 certe
611 1782 677 1820 vera
690 1763 872 1834 exstitissent,
883 1762 907 1819 si

69 1842 140 1898 Milo
154 1842 315 1900 admisisset
329 1843 438 1919 aliquid
452 1842 530 1919 quod
547 1862 604 1899 non
619 1849 716 1919 posset
730 1843 849 1899 honeste
864 1863 908 1900 ve·

70 1942 154 1999 reque
168 1923 329 1980 defendere.

108 2002 221 2061 XXIV.
237 2002 333 2071 Quid?
354 2021 426 2079 quae
439 2009 540 2079 postca
556 2009 623 2059 sunt
638 2003 667 2058 in
682 2021 747 2060 eum
762 2009 905 2080 congesta,

69 2102 140 2160 quae
166 2083 295 2160 quemvis
322 2083 409 2139 etiam
434 2083 622 2140 mediocrium
647 2083 817 2140 delictorum
842 2103 908 2140 con-

68 2163 187 2220 scientia
197 2162 390 2239 perculissent,
402 2169 434 2219 ut
445 2162 588 2232 sustinuit,
599 2163 629 2219 di
640 2163 829 2220 immortales!
849 2183 908 2220 sus-

68 2243 174 2300 tinuitt
194 2243 284 2299 immo
298 2262 365 2299 vero
380 2249 412 2299 ut
425 2244 598 2319 contempsit
612 2262 644 2299 ac
658 2263 710 2320 pro
725 2242 816 2299 nihilo
826 2249 908 2319 puta-

68 2323 118 2391 vit,
128 2341 199 2397 quae
210 2341 301 2398 neque
312 2322 438 2379 maximo
449 2323 545 2378 animo
555 2342 660 2379 nocens
669 2342 761 2399 neque
770 2323 907 2397 innocens

69 2401 124 2456 nisi
140 2401 315 2457 fortissimus
328 2401 371 2458 vir
387 2401 531 2478 negligere
545 2402 701 2478 potuisset!
743 2401 905 2472 Scutcrum,

69 2480 237 2555 gladiorum,
250 2481 485 2538 ferramentorum
504 2481 684 2558 pilorumque
705 2482 791 2537 ctiam
813 2481 907 2550 multi-

14 2574 17 2580 ’
69 2559 144 2634 tudo
160 2560 333 2636 deprehendi
350 2580 434 2637 posse
451 2560 645 2618 indicabatur:
667 2560 777 2617 nullum
792 2560 822 2617 in
837 2560 906 2617 urbe

69 2639 172 2710 vicum,
185 2640 295 2696 nullum
312 2641 496 2716 angiportum
513 2660 573 2697 esse
591 2640 724 2698 dicebant
737 2640 767 2696 in
783 2660 839 2717 quo
854 2640 907 2696 Mi-

69 2718 129 2774 loni
143 2719 285 2776 conducta
301 2739 360 2776 non
377 2726 450 2777 esset
464 2720 584 2777 domus:
606 2739 685 2776 arma
698 2721 728 2776 in
742 2720 838 2776 villam
853 2719 907 2778 Oc—

69 2798 224 2854 riculanam
238 2799 356 2856 devecta
368 2799 473 2870 Tiberi,
486 2800 589 2856 domus
602 2800 635 2855 'in
653 2799 726 2856 clivo
741 2799 905 2876 Capitolino

69 2879 157 2934 scutis
171 2878 283 2949 referta,
295 2879 380 2955 plena
396 2879 493 2935 omnia
508 2879 705 2940 malleolorum
720 2879 757 2936 ad
770 2879 849 2936 urbis
865 2880 907 2935 in·

68 2958 170 3014 cendia
190 2965 426 3035 comparatorum,
444 2958 513 3015 haec
539 2979 597 3016 non
618 2959 713 3016 delata
736 2959 837 3029 solum,
856 2959 906 3016 sed
986 2974 988 2977 ’

68 3057 158 3114 paene
172 3039 280 3095 credita
289 3057 341 3095 nec
352 3045 418 3095 ante
428 3039 578 3115 repudiata
592 3046 658 3095 sunt
669 3058 754 3114 quam
769 3039 909 3113 quaesita

70 3124 115 3174 65,
128 3117 292 3175 Laudabam
307 3117 442 3196 equidem
454 3118 662 3176 incredibilem
669 3112 938 3189 diligentiamm.

65 3196 437 3274 Pompeiisedndicammt
450 3197 702 3274 sentio,'rud'rces.
731 3187 848 3247 birds
855 3179 968 3234 mbo

182 3289 218 3341 13
