1988 3480
72 115 119 163 166
217 113 287 163 PRO
304 114 335 163 T.
349 113 463 162 ANNIO
480 113 619 162 MILONE
636 112 778 165 ORATIO.

71 214 158 271 modo
173 233 207 271 ea
220 221 269 271 aut
283 213 422 290 depellere
436 215 601 290 potuissetis
618 221 668 273 aut
683 215 776 272 ferre?
818 215 918 294 Impe-

71 296 144 350 rium
161 293 207 351 ille
221 295 245 350 si
256 300 356 351 nactus
369 302 451 364 esset,
464 295 568 351 omitto
583 295 683 365 socios,
696 302 805 352 exteras
820 297 917 354 natio-

71 394 130 444 nes,
141 393 229 450 reges,
242 373 412 431 tetrarchas:
434 382 502 431 vota
518 375 594 431 enim
612 375 752 445 faceretis,
764 382 798 432 ut
812 376 844 432 in
863 396 916 433 cos

71 474 101 511 se
122 455 219 530 potius
240 454 408 511 immitteret
429 473 514 531 quam
536 455 565 510 in
585 462 690 512 vestras
706 456 913 530 possessiones,

73 541 164 591 vestra
177 541 261 604 tecta,
273 541 379 591 vestras
389 535 540 610 pecunias:
562 534 696 610 pecunias
710 534 794 592 dieol
815 555 834 592 a
843 536 916 593 libe-

72 614 117 685 ris,
130 614 241 671 medius
257 614 350 685 fidius,
363 621 392 671 et
408 634 425 671 a
444 614 614 690 coniugibus
630 614 730 671 vestris
751 633 915 692 numquam

72 694 119 751 ille
133 694 283 751 effrenatas
297 714 362 750 suas
375 693 508 751 libidines
522 693 704 751 cohibuisset.
741 694 764 749 F
764 695 825 772 iugi
841 695 915 754 haec

71 775 188 850 putatis,
201 794 273 850 quae
293 781 401 850 patent,
418 793 500 850 quac·
510 780 579 830 nota
600 779 666 830 sunt
683 774 825 845 omnibus,
839 795 915 852 quae

71 855 223 911 tenentur?
244 872 388 910 servorum
400 850 539 910 exer-ditus
553 852 633 912 illum
645 853 674 909 in
685 853 755 910 urbe
770 855 914 932 conscrip

71 940 168 990 turum
187 933 283 1004 fuisse,
296 952 346 1009 per
363 952 435 1009 quos
455 940 547 990 totam
568 953 627 992 rem
649 932 793 1009 publicam
810 953 914 1011 resque

72 1013 195 1089 privatas
214 1013 342 1069 omnium
364 1012 540 1089 possideret?
576 1012 620 1074 77.
638 1013 731 1080 Quam
752 1013 790 1070 ob
809 1032 870 1070 rem
888 1015 913 1070 si

72 1098 222 1148 cnrentum
238 1092 365 1168 gladium
385 1099 485 1149 tenens
502 1093 636 1153 clamaret
652 1092 684 1149 T.
698 1092 827 1149 Annius:
840 1094 913 1150 ·Ad-

72 1179 139 1242 este‚
148 1191 260 1248 quaese,
269 1179 354 1249 atque
365 1172 470 1243 audite,
479 1173 567 1229 cives:
583 1172 615 1231 P.
624 1172 758 1229 Clodium
770 1173 911 1244 interfeci,

73 1253 133 1309 eius
153 1253 354 1329 furores,quos
375 1253 460 1309 nullis
480 1253 537 1309 iarn
558 1251 677 1329 legibus,
693 1252 778 1308 nullis
798 1253 912 1310 iudiciis

72 1333 183 1389 frenare
200 1339 371 1409 poteramus,
387 1332 442 1390 hoc
459 1333 535 1389 ferro
552 1340 581 1390 et
595 1332 648 1388 hac
665 1332 781 1389 dextera
794 1351 812 1388 a
826 1333 912 1389 eervi-

72 1412 153 1469 cibus
169 1413 270 1469 vestris
286 1413 405 1489 reppuli,
416 1432 466 1489 per
486 1432 532 1468 me
550 1418 582 1469 ut
599 1432 689 1469 unum
706 1412 758 1483 ius,
774 1413 910 1488 aequitas,

72 1492 157 1568 leges,
169 1492 291 1563 libertas,
304 1493 405 1568 pudor,
417 1492 556 1569 pudicitia
574 1492 604 1548 in
622 1492 736 1548 civitate
753 1500 910 1563 manerent,

72 1580 146 1629 esset
156 1591 223 1630 vero
233 1572 403 1642 timendum,
414 1590 538 1648 quonam
552 1572 641 1628 modo
655 1571 687 1627 id
696 1572 784 1628 ferret
794 1571 911 1630 civitas!

73 1651 157 1709 Nune
175 1652 251 1709 enim
267 1652 330 1728 quis
347 1659 390 1709 est
408 1652 528 1729 quinon
543 1651 653 1728 probet,
667 1651 716 1727 qui
730 1670 789 1707 non
803 1651 911 1723 laudet,

73 1732 122 1808 qui
136 1751 195 1788 non
209 1751 298 1788 unum
313 1738 379 1808 post
392 1732 543 1789 hominum
558 1732 725 1788 memoriam
740 1731 772 1788 Τ.
781 1730 912 1788 Annium

72 1811 228 1886 plurimum
242 1811 426 1888 reipublicae
440 1812 589 1889 profuisse,
602 1811 727 1867 maxima
740 1811 849 1868 laetitia
861 1830 913 1887 po-

72 1890 172 1966 pulum
190 1891 362 1964 Romanurn,
378 1899 510 1949 cunctam
528 1891 649 1961 Italiam,
664 1891 795 1947 nationes
812 1910 912 1949 omnes

72 1971 210 2027 adfecisse
228 1979 256 2028 et
273 1972 350 2029 dieat
367 1980 396 2029 et
413 1972 534 2029 sentiat?
576 1971 643 2027 Non
660 1990 734 2047 queo
751 1977 847 2028 vetera
862 1971 913 2028 illa

14 2122 16 2129 Ι
72 2049 172 2126 populi
183 2050 306 2108 Romani
320 2052 427 2129 gaudia
440 2058 547 2128 quanta
560 2051 668 2107 fuerint
678 2051 819 2108 iudicare:
840 2051 913 2109 mul·

72 2137 116 2185 tas
132 2136 229 2186 tamen
246 2131 303 2187 iam
321 2150 499 2188 summorum
515 2130 720 2207 imperatorum
742 2130 912 2188 clarissimas

73 2209 205 2265 victorias
222 2216 298 2267 actas
312 2219 410 2269 nostra
423 2211 504 2281 vidit,
520 2230 640 2287 quarum
653 2210 731 2267 nulla
745 2230 837 2287 neque
851 2218 912 2268 tam

72 2289 237 2346 diuturnam
259 2292 356 2349 attulit
375 2292 512 2350 laetitiam
533 2310 585 2347 nec
606 2296 724 2347 tantam.
769 2290 784 2346 7
789 2296 813 2347 8.
833 2290 913 2347 Man·

72 2369 139 2426 date
155 2368 210 2426 hoe
227 2372 389 2442 memoriae,
405 2371 520 2429 iudices.
563 2370 653 2447 Spero
670 2369 761 2427 multa
777 2390 828 2427 vos
844 2369 913 2428 libe·

72 2469 175 2526 rosque
186 2457 295 2507 vestros
308 2451 338 2507 in
352 2471 382 2525 re
395 2450 510 2527 publica
519 2450 597 2506 bona
611 2470 670 2507 esse
685 2450 810 2507 visuros:
832 2449 862 2506 in
876 2450 913 2507 iis

73 2529 193 2605 singulis
207 2530 248 2586 ita
261 2550 373 2607 semper
383 2530 592 2600 existimabitis,
602 2530 667 2586 vivo
682 2529 715 2586 P.
724 2529 828 2587 Clodio
839 2529 913 2587 nihil

73 2627 172 2665 eorum
192 2629 244 2666 vos
264 2610 373 2667 visuros
394 2610 490 2668 fuisse.
533 2609 567 2665 In
593 2629 672 2686 spem
697 2610 851 2667 maximam
873 2616 911 2682 et,

74 2708 158 2765 quem
173 2689 210 2745 ad
224 2690 343 2746 modum
354 2688 475 2760 confido,
484 2689 659 2746 verissimam
674 2709 772 2746 sumus
785 2690 911 2762 adducti,

73 2766 149 2825 huno
166 2769 259 2846 ipsum
281 2788 396 2839 annum,
412 2768 467 2824 hoc
488 2769 551 2845 ipso
572 2789 685 2826 summo
705 2769 765 2825 viro
787 2769 911 2840 consule,

73 2867 235 2925 compressa
258 2848 409 2905 hominum
430 2847 552 2919 licentia,
573 2849 780 2926 cupiditatibus
804 2849 912 2920 fractis,
938 2885 941 2891 ·

73 2926 184 3003 legibus
218 2935 248 2985 et
277 2927 391 2985 iudiciis
421 2928 593 2999 constitutis
617 2929 767 2985 salutarem
803 2929 914 2986 civitati

73 3007 144 3065 fore.
187 3008 265 3064 Num
284 3007 347 3083 quis
364 3014 407 3064 est
423 3007 512 3084 igitur
527 3014 587 3064 tam
605 3008 722 3065 demens
739 3009 788 3084 qui
805 3008 860 3065 hoc
877 3008 912 3066 P.

73 3085 177 3144 Clodio
195 3088 260 3144 vivo
281 3087 446 3164 contingere
467 3088 594 3164 potuisse
615 3088 785 3144 arbitretur?
819 3089 914 3156 Quidl

71 3184 112 3234 ea,
126 3185 199 3243 quae
216 3165 326 3240 tenetis,
336 3168 451 3248 privat-a
467 3174 554 3248 atque
570 3175 666 3226 vestra
681 3167 852 3224 dominante
863 3168 918 3223 lio·
