1988 3480
70 114 105 161 aa
267 112 338 163 PRO
355 112 384 163 L.
399 112 555 163 MURENA
570 112 716 165 ORATIO.

72 214 169 283 sarius,
179 214 302 290 equestri
314 213 407 271 ordini
419 213 544 271 restituit
556 231 613 270 non
628 212 723 271 solum
734 213 954 297 dignitatem,

72 293 121 349 sed
136 293 222 349 etiam
238 293 422 370 voluptatem.
465 292 565 370 ltaque
582 292 626 350 lex
643 292 723 363 haee,
736 313 817 371 quae
835 297 876 353 ad
889 297 945 359 lu-

72 373 124 428 ‹los
140 373 271 448 pertinet,
281 384 322 429 est
338 374 468 430 ornnimn
482 373 651 449 grauissima,
662 372 742 450 quod
754 373 932 434 honestissi-

72 471 120 507 mo
136 452 227 509 onlini
241 473 305 509 enm
321 453 471 528 splendore
482 453 591 509 fmetns
603 471 716 530 quoque
728 453 930 514 iucunditatis

72 540 113 587 est
130 532 284 589 restitutus.
321 536 384 601 Qua
395 552 423 589 re
435 533 577 590 delectant
588 532 728 601 homines,
738 533 818 591 mihi
830 536 927 605 erede,

72 612 141 681 lmli,
154 613 239 669 etiam
259 613 329 681 illos,
343 614 391 689 qni
409 613 597 675 dissimulant.
609 631 666 668 non
684 611 781 669 solum
799 633 863 683 eos,
877 616 926 693 qni

73 693 216 750 fatentur:
242 693 319 769 <prod
341 712 395 769 ego
417 693 446 749 in
468 712 531 749 mea
551 693 691 769 petitione
712 693 798 751 sensi.
847 694 926 752 Nam

73 792 125 828 nos
137 793 249 849 <nmque
261 772 411 829 babuimus
423 791 551 829 scaenam
564 771 802 848 eonrpetitrieem.
835 773 926 843 Quod

73 853 96 907 si
116 872 178 925 ogo,
195 853 243 928 qni
263 853 354 909 trinos
373 853 456 909 lndos
474 852 573 909 aedilis
592 850 724 922 feceram}
739 858 843 910 tamen
863 855 928 911 An-

73 933 145 987 tonii
161 931 235 987 ludis
252 932 459 1003 eomnnnebar,
471 932 533 999 tibi,
546 932 595 1009 qui
610 951 675 988 casn
689 930 785 989 nullos
799 933 925 1003 feceras,

73 1010 144 1065 nihil
170 1010 254 1066 linies
282 1011 365 1067 istam
391 1012 490 1088 ipsam,
512 1030 596 1089 qnam
622 1011 729 1080 irrides,
750 1020 924 1088 argenteam

73 1110 202 1146 senonum
218 1091 392 1148 adversatam
408 1093 509 1168 pntasl
551 1098 596 1148 41.
620 1090 677 1148 Sed
691 1090 760 1147 haee
775 1110 847 1150 sane
862 1095 926 1151 sint

73 1171 152 1246 paria
169 1171 281 1228 onmia:
304 1172 341 1228 sit
358 1191 409 1248 par
425 1172 547 1228 forensis
566 1191 653 1248 opera
668 1169 795 1241 militari,
811 1172 851 1230 sit
868 1192 928 1251 par

73 1251 189 1307 militari
208 1252 373 1327 suffragatio
391 1251 505 1321 urbana,
522 1251 559 1307 sit
575 1251 651 1308 idem
669 1249 928 1326 magnificentissi-

72 1350 136 1387 mos
155 1339 184 1388 et
203 1331 295 1388 nullos
314 1351 450 1408 umquam
470 1331 571 1388 fecisse
590 1330 688 1386 ludos:
711 1329 789 1407 quid,
806 1330 838 1387 in
855 1333 925 1410 ipsa

73 1415 205 1487 praetura
218 1411 327 1468 nihilne
341 1411 486 1468 existimas
497 1410 571 1467 inter
580 1418 660 1467 tuam
675 1416 704 1466 et
714 1409 797 1466 istius
808 1419 923 1470 sortem

73 1491 235 1548 interfuisse
245 1493 254 1548 l

114 1572 182 1629 XX.
199 1571 294 1629 Huius
311 1592 371 1630 sors
388 1592 421 1630 ea
436 1571 600 1647 tunquam
618 1589 717 1627 omnes
730 1570 774 1626 tui
791 1589 927 1630 necessa·

72 1651 108 1709 rii
132 1652 186 1709 tibi
211 1652 388 1729 optabamus,
408 1653 477 1710 iuris
501 1650 635 1708 dicundi:
660 1651 691 1707 in
714 1669 769 1726 qua
793 1649 924 1726 gloriam

72 1733 207 1790 conciliat
218 1733 388 1810 magnitudo
402 1732 520 1808 negotii,
531 1731 652 1808 gratiam
667 1729 819 1806 aequitatis
834 1729 928 1809 largi-

73 1813 131 1869 tio:
155 1832 211 1888 qna
225 1812 255 1867 in
273 1819 348 1868 sorte
366 1812 477 1887 sapiens
491 1819 613 1887 praetor,
626 1810 716 1887 qualis
730 1808 777 1866 hie
793 1809 861 1881 fuit,
875 1812 924 1868 of·

73 1892 234 1948 fensionem
252 1891 324 1946 vitat
341 1890 540 1966 aequabilitate
558 1889 735 1960 decernendi,
747 1889 922 1948 benevolen-

73 1972 143 2028 tiam
159 1969 291 2045 adiungit
306 1969 421 2026 lenitate
436 1969 578 2031 audiendi.
620 1969 743 2046 Egregia
756 1975 784 2025 et
799 1968 836 2026 ad
849 1989 923 2026 eon-

73 2051 197 2107 snlatum
215 2056 282 2125 apta
298 2049 454 2125 provincia,
470 2049 500 2105 in
518 2070 574 2126 qua
589 2049 651 2106 laus
669 2049 829 2125 aequitatis,
845 2049 921 2108 inte·

73 2131 193 2208 gritatia
209 2128 355 2186 facilitatis
377 2129 414 2186 ad
434 2136 592 2187 extremum
613 2129 746 2185 ludorum
767 2128 920 2206 voluptate

73 2211 260 2268 concluditur.
297 2215 343 2269 42.
363 2208 440 2278 Quid
450 2217 501 2266 tna
514 2211 592 2266 sorst
609 2209 706 2279 tristis,
717 2216 816 2265 atrox:
833 2228 921 2286 qnae-

74 2292 129 2348 stio
146 2291 301 2368 peculatus,
314 2311 347 2348 ex
363 2291 451 2348 altera
466 2296 546 2366 parte
563 2289 742 2346 lacrimarum
760 2296 789 2345 et
805 2289 921 2365 squalo-

74 2372 121 2442 ris,
137 2392 171 2429 ex
188 2372 275 2429 altera
291 2371 376 2448 plena
390 2371 404 2447 l
419 2377 582 2428 catenarum
601 2377 687 2446 atque
703 2369 848 2426 indicum:
870 2388 920 2427 eo·

74 2453 160 2528 ge'ndi
184 2453 292 2511 iudices
317 2453 408 2523 inviti,
428 2449 570 2508 retinendi
597 2456 697 2506 eontra
720 2448 919 2508 voluntatem:

74 2533 165 2590 sariba
175 2524 338 2605 'damnatus
351 2534 421 2590 ordo
439 2537 518 2588 totus
535 2529 658 2586 alienus:
681 2528 797 2586 Sullana
810 2527 920 2605 gratifi-

74 2613 148 2669 eatio
176 2614 352 2690 reprehensa,
372 2612 457 2670 multi
482 2610 535 2667 viri
559 2610 648 2667 fortes
677 2617 706 2666 et
733 2628 822 2685 prope
849 2628 919 2684 pars

75 2691 197 2748 civitatis
208 2695 317 2750 offensa
328 2701 384 2750 est:
402 2693 466 2750 lites
478 2709 571 2748 severe
582 2690 755 2760 aestimatae,
766 2689 811 2745 eni
822 2688 919 2764 placet

75 2770 260 2843 obliviscitur,
270 2775 315 2830 eui
330 2774 408 2830 dolet
421 2770 562 2829 meminit.
598 2769 749 2826 Postremo
764 2777 796 2825 tu
807 2769 837 2825 in
852 2788 919 2845 pro·

75 2851 197 2907 vinciam
219 2852 259 2908 ire
280 2854 405 2910 noluisti.
448 2851 516 2909 Non
537 2870 654 2927 possum
676 2851 707 2906 id
726 2850 755 2905 in
775 2857 803 2905 te
825 2868 919 2925 repre·

75 2928 206 3000 bendere,
218 2934 296 3008 quod
310 2933 339 2988 in
354 2952 400 2990 me
414 2933 477 3009 ipso
493 2938 522 2989 et
535 2937 665 3007 praetore
680 2937 708 2986 et
722 2929 838 2986 consule
853 2949 917 3005 pro-

74 3008 148 3068 bavi.
184 3010 241 3068 Sed
251 3018 347 3069 tamen
359 3012 389 3069 L.
398 3012 533 3069 Murenae
547 3010 694 3086 provincia
706 3008 811 3065 multas
826 3008 917 3065 bonas

75 3091 180 3162 grat-ias
202 3110 266 3148 eum
290 3093 401 3168 optima
422 3091 632 3150 existimatione
656 3089 763 3146 attulit.
804 3088 923 3142 Habuit

76 3169 256 3245 proficiscens
271 3172 404 3233 dilectum
419 3174 449 3233 in
462 3170 604 3234 Umbria:
624 3169 709 3228 <ledit
719 3169 747 3224 ei
756 3165 937 3220 iaomtatum
