1988 3480
418 114 497 164 cae.
513 115 609 176 1.,11,
626 113 641 174 s
657 117 712 164 rma.
942 117 988 164 raa

146 215 229 263 tentiis
246 215 293 262 VI.
311 221 336 262 et
352 213 426 261 XL:
450 213 614 262 absolutorias
634 213 743 276 quinque
765 213 867 261 omnino
890 213 984 274 habuit,

146 279 208 327 duas
223 288 372 338 senatorum,
385 287 434 325 tres
448 278 566 340 equitum.
604 279 680 326 Mulli
694 287 821 341 praeterea
834 288 859 327 et
870 293 986 341 praesen-

146 353 182 392 tes
199 353 231 402 et,
244 359 301 391 cum
318 343 389 391 citati
404 358 453 390 non
470 344 660 406 respondissent,
673 345 785 392 damnati
803 352 868 405 suut,
881 359 913 392 cx
931 346 985 408 qui-

145 410 190 457 bus
201 410 313 456 inaximo
324 423 380 470 pars
393 408 440 456 fuit
452 408 637 457 Clodianorum.

185 529 207 586 Ι.
246 534 270 585 1.
287 528 349 584 Etsi
366 548 471 598 vereor,
482 529 599 599 iudices,
611 549 646 585 ne
664 537 747 605 turpe
765 530 802 585 sit
819 549 871 606 pro
888 530 985 588 fortis-

145 610 217 666 simo
232 609 292 664 viro
311 608 403 664 dicere
420 608 605 684 incipientem
623 609 723 665 timere
740 609 915 686 minimeque
937 611 984 668 dc

145 695 214 758 ceat,
227 707 292 744 curn
309 687 342 744 T.
352 687 466 743 Annius
483 688 544 764 ipse
565 689 657 764 magis
678 688 714 744 de
734 689 774 745 rei
795 689 925 766 publicae
942 711 984 746 sa-

144 769 203 825 lute
215 787 300 845 quam
315 767 350 823 de
365 787 415 823 sua
429 767 618 842 perturbetur,
628 788 674 824 me
689 768 797 826 adeius
811 789 924 826 causam
935 789 980 846 pa

144 868 204 905 rem
222 848 310 903 animi
327 847 556 924 magnitudinem
578 848 688 905 adferre
706 868 764 906 non
782 868 874 925 posse,
885 856 981 906 tamen

144 927 214 984 haee
231 927 297 983 novi
314 926 413 983 iudicii
429 946 504 984 nova
519 927 614 984 forma
630 936 717 986 terret
734 928 839 1000 oculos,
851 930 899 1006 qui
915 949 983 1006 quo-

145 1027 266 1084 cumque
281 1007 449 1078 incidemnt,
460 1009 696 1066 consuetudinem
713 1010 770 1066 fori
785 1016 814 1066 et
828 1010 981 1086 pristinum

144 1106 252 1144 morem
264 1087 435 1144 iudiciorum
446 1089 601 1165 requirunt.
635 1089 702 1147 Non
714 1090 790 1147 enim
802 1109 907 1147 corona
917 1110 983 1146 con-

144 1187 236 1224 sessus
250 1174 342 1225 vester
355 1168 465 1225 cinctus
480 1176 530 1239 est,
543 1178 574 1227 ut
589 1169 713 1227 solebat:
736 1190 794 1226 non
809 1171 914 1226 usitata
928 1171 982 1226 frc-

144 1248 261 1324 quentia
285 1248 383 1324 stipati
408 1267 521 1305 sumus:
552 1256 577 1306 2.
597 1269 655 1306 non
677 1249 725 1305 illa
745 1250 893 1325 praesidia,
910 1268 982 1325 quae

143 1346 196 1403 pro
213 1328 328 1403 templis
345 1328 479 1384 omnibus
496 1327 618 1399 cernitis,
631 1330 684 1385 etsi
701 1338 801 1385 contra
817 1329 875 1384 vim
897 1328 983 1384 collo-

144 1413 207 1462 cata
224 1413 298 1476 sunt,
311 1426 370 1462 non
387 1408 522 1464 adferunt
538 1416 634 1465 tamen
653 1409 758 1464 oratori
773 1408 889 1484 aliquid,
902 1415 934 1464 ut
951 1408 981 1463 in

144 1485 209 1541 foro
231 1493 260 1541 et
278 1485 308 1540 in
328 1486 444 1557 iudicio,
458 1506 630 1564 quamquam
647 1488 795 1564 praesidiis
813 1487 983 1544 salutaribus

144 1572 173 1621 ct
188 1565 350 1622 necessariis
365 1568 455 1642 saepti
470 1587 575 1638 sunms,
585 1574 681 1624 tamen
696 1587 731 1623 ne
742 1586 800 1623 non
811 1567 910 1623 timere
922 1567 983 1643 qui-

145 1643 210 1700 dem
227 1645 287 1701 sine
302 1645 396 1722 aliquo
411 1647 514 1703 timore
528 1647 677 1722 possimus
714 1646 793 1714 Quae
808 1647 831 1702 si
849 1647 983 1723 opposita

145 1723 247 1780 Miloni
266 1732 404 1801 putarem,
417 1726 545 1783 cederem
562 1727 694 1803 tempori,
707 1727 823 1797 iudices,
834 1745 886 1782 nec
908 1727 983 1783 inter

145 1811 255 1860 tantam
273 1805 331 1860 vim
353 1825 496 1863 annorum
518 1807 708 1863 existimarem
727 1827 786 1863 esse
804 1806 926 1863 orationi
942 1805 982 1863 lo-

145 1903 218 1942 cum.
255 1884 313 1942 Sed
329 1905 375 1943 me
389 1893 495 1943 recreat
509 1893 538 1942 et
551 1885 642 1943 reficit
656 1885 708 1944 Cn.
719 1886 861 1963 Pompeii,
874 1886 984 1963 sapien-

145 1965 248 2021 tissimi
266 1972 295 2022 et
311 1965 459 2022 iustissimi
477 1965 705 2037 viri,eonsilium,
716 1967 765 2043 qui
782 1967 913 2043 proiecto
929 1985 982 2024 nec

145 2045 270 2102 iustitiae
288 2065 353 2102 suae
368 2053 481 2122 putaret
495 2065 563 2117 esse,
576 2065 662 2123 quem
678 2066 757 2104 rcum
775 2047 924 2104 sententiis
941 2046 983 2104 iu-

145 2125 241 2182 dicum
256 2125 427 2195 tradidisset,
441 2126 573 2183 eumdem
588 2125 652 2183 telis
666 2127 791 2183 militum
806 2127 917 2197 dedere,
929 2146 983 2184 nee

145 2202 299 2283 sapientiae
316 2206 507 2262 temeritatem
526 2207 684 2263 concitatae
705 2207 899 2263 multitudinis
919 2226 983 2264 aue-

145 2287 260 2342 toritate
275 2284 390 2362 publica
406 2305 521 2342 armare.
559 2293 584 2343 3.
598 2285 691 2353 Quam
706 2287 743 2342 ob
758 2306 816 2343 rem
832 2287 881 2342 illa
895 2305 981 2357 arma,

146 2365 333 2434 centuriones
344 2365 475 2422 cohortes
492 2385 549 2421 non
565 2365 722 2442 perieulum
737 2365 828 2436 nobis,
841 2366 890 2422 sed
905 2385 984 2442 prae-

146 2444 251 2501 sidium
266 2443 444 2514 denuntiant,
455 2464 547 2521 neque
562 2445 654 2502 solum
669 2452 701 2501 ut
717 2446 822 2521 quicto,
835 2445 982 2502 sedetiam

145 2532 178 2581 ut
198 2543 304 2600 magno
326 2525 421 2581 animo
444 2525 532 2581 simus
552 2524 710 2594 hortantur,
728 2544 820 2600 neque
845 2524 982 2580 auxilium

145 2604 232 2660 modo
250 2603 410 2661 defensioni
427 2624 622 2674 meae‚verum
641 2605 726 2661 etiam
741 2604 885 2661 silentium
902 2604 984 2680 polli-

146 2689 252 2740 centur,
295 2684 416 2760 Reliqua
437 2704 502 2741 vero
525 2684 691 2754 multitudo,
709 2704 780 2760 quae
803 2684 917 2760 quidem
940 2691 983 2740 est

146 2764 259 2834 civium,
272 2770 334 2820 tota
348 2771 445 2821 nostra
459 2771 510 2834 cst,
520 2784 613 2839 neque
628 2783 726 2820 corum
741 2764 900 2840 quisquam,
911 2783 983 2840 quos

146 2843 272 2919 undiquc
293 2844 444 2914 intuentes
458 2844 532 2900 unde
552 2844 646 2919 aliqua
664 2844 721 2900 fori
740 2864 805 2920 pars
826 2845 914 2921 aspici
933 2862 984 2919 po-

146 2930 210 2992 test,
221 2931 249 2980 et
260 2923 345 2978 huius
360 2924 467 2980 exitum
482 2923 579 2980 iudicii
595 2930 790 2999 exspectantes
805 2924 983 2993 videtis,non

146 3022 211 3059 cum
226 3003 324 3058 virtuti
340 3002 456 3059 Milonis
472 3004 550 3059 favet
567 3010 628 3059 tum
647 3003 682 3058 dc
700 3023 736 3072 sc,
750 3003 785 3059 de
802 3003 897 3059 liberis
914 3002 981 3071 suis,

146 3083 181 3139 de
199 3083 298 3159 patria,
311 3082 346 3138 de
363 3083 487 3139 fortunis
508 3083 646 3138 hodierno
668 3083 714 3138 die
736 3083 872 3140 decertari
889 3088 989 3154 putat.

146 3162 182 3220 II.
196 3163 296 3220 Unum
310 3181 401 3234 genus
415 3169 459 3222 cst
470 3162 522 3222 adr
527 3182 625 3221 orsum
634 3163 847 3234 irilcstmnquo
856 3156 953 3210 nomas
962 3169 986 3200 Q
