1988 3480
80 114 127 161 100
276 108 346 159 l'RO
363 109 392 157 b.
407 107 561 159 MURENA
577 108 721 159 ORATIO.

78 232 138 267 esse
156 209 209 285 ipsi
230 207 382 265 eandidato
402 207 548 265 obscurior
566 227 632 285 spes
648 208 741 268 rideri
759 211 860 271 solet:
882 214 936 273 Cn·

79 289 188 347 tilinarn
202 288 309 345 interea
322 287 441 344 artur-rear
457 295 542 364 atque
554 288 667 357 taetras,
678 288 826 365 stipatum
842 292 935 352 ehoro

80 368 242 431 iuventutis.
255 367 388 424 vallatum
405 367 547 424 irrdiribus
561 376 644 443 atque
659 368 781 441 sicariis,
792 370 933 431 inflatum

79 468 143 505 euru
159 467 208 524 spe
224 447 347 504 militurn
360 457 421 503 turn
437 446 560 519 eoliegae
576 447 737 524 urei,que1n
753 450 793 507 ad
804 454 933 513 modum

79 527 190 586 dieebat
217 528 284 604 ipse,
306 527 461 604 promissis,
483 525 726 583 eireurutiuentem
752 530 931 593 colonorum

80 608 277 665 Arretinorum
299 615 328 664 et
349 606 568 663 1⁴¹asulanoaun
590 605 731 665 exercitu:
756 629 850 686 quam
873 622 933 672 tur·

79 690 143 745 tarn
164 688 354 745 ‹lissiurillirno
376 707 410 743 ox
431 705 533 762 genere
554 686 772 763 distinguebant
791 690 932 752 homines

79 769 202 843 pereussi
224 767 331 823 Sullani
356 766 494 843 terrrporis
518 766 686 825 calamitate.
729 768 843 829 Vultus
869 781 933 831 erat

79 847 168 922 ipsius
177 847 277 923 pierres
288 846 401 917 furoris,
410 846 484 903 ortuli
494 846 613 918 sceleris,
622 866 714 904 senno
725 848 930 927 adrogantiae,

79 927 117 982 sie
133 935 163 982 ut
179 927 204 982 ei
220 926 275 982 ianr
291 926 454 1003 exploratus
470 934 499 983 et
513 926 593 983 dorni
608 927 741 984 conditus
757 932 931 992 consulatus

79 1007 228 1062 videretur.
272 1005 419 1063 Murenam
444 1007 663 1064 contemnebat:
693 1007 858 1084 Sulpicium
885 1033 931 1071 ae·

79 1093 236 1142 ‹errsatoreru
259 1106 341 1142 suum
364 1086 538 1158 nurnerabat,
554 1107 612 1144 nou
634 1088 877 1163 competitorem:
902 1094 930 1151 ei

79 1167 136 1222 rim
165 1166 360 1236 denuntiabat,
382 1167 422 1223 rei
449 1167 579 1243 publicae
607 1167 776 1225 minabatur.
822 1171 927 1231 XXV.

80 1252 125 1304 50.
149 1246 259 1314 Quibus
276 1246 359 1303 rebus
377 1247 425 1322 qui
443 1248 530 1303 tiuror
546 1247 629 1305 bonis
648 1247 782 1304 erunibus
799 1249 929 1309 iniectus

79 1327 116 1383 sit
138 1335 298 1403 qrrarrtaque
320 1327 479 1403 desperatio
501 1328 541 1383 rei
562 1328 700 1404 publicae,
716 1327 739 1384 si
759 1327 806 1385 ille
828 1330 929 1389 faetus

79 1417 160 1477 esset,
173 1407 261 1463 nolite
279 1426 295 1462 a
312 1427 358 1463 ure
375 1408 550 1464 eornuroueri
566 1407 652 1464 velle:
675 1415 785 1464 vosmet
802 1408 862 1485 ipsi
876 1431 929 1469 vo-

79 1485 188 1543 biseurn
213 1487 409 1544 recordamini.
452 1487 623 1544 Merrrinistis
648 1488 733 1556 enim,
753 1506 819 1544 oum
846 1489 928 1549 illius

77 1567 180 1624 nefarii
191 1567 356 1644 gladiatoris
367 1587 450 1624 voees
461 1567 694 1644 percrebuissent,
706 1587 774 1644 quas
787 1567 927 1629 habuisse

80 1647 108 1703 iu
137 1648 271 1705 contione
299 1648 456 1705 domestica
482 1647 636 1717 dicebatur,
657 1667 722 1704 eum
750 1648 925 1709 miserorum

79 1727 190 1787 fidelem
207 1729 385 1786 defensorem
400 1734 530 1804 negasset
541 1727 661 1785 inveniri
672 1747 763 1804 posse,
773 1728 829 1785 nisi
844 1748 924 1802 eum,

79 1809 127 1884 qui
140 1810 200 1885 ipse
213 1809 299 1865 miser
313 1815 393 1875 esset,
404 1807 579 1883 integrorum
594 1815 622 1865 et
633 1808 845 1865 fortunatorum
856 1829 925 1886 pro-

79 1889 172 1944 missis
187 1887 296 1943 saueios
311 1893 340 1943 et
353 1887 471 1943 miseros
488 1888 599 1944 eredere
618 1907 675 1943 non
693 1893 840 1964 oportere:
865 1909 924 1966 qua

78 1985 107 2023 re
126 1967 174 2042 qui
191 1972 362 2040 consumpta
380 1965 495 2041 replere,
511 1974 608 2043 erepta
624 1986 788 2043 recuperare
805 1967 921 2039 vellent,

78 2051 238 2122 spectarent
260 2045 329 2120 quid
350 2045 410 2122 ipse
432 2046 555 2117 deberet,
574 2047 643 2123 quid
664 2046 830 2123 possideret,
849 2049 922 2123 qaid

78 2126 210 2182 auderet:
228 2125 347 2183 minime
362 2125 497 2183 timidum
512 2134 540 2183 et
552 2127 632 2183 valde
647 2126 844 2182 calamitosum
858 2146 922 2187 esse

79 2212 208 2282 oportere
226 2224 300 2276 eum,
313 2207 361 2283 qui
377 2216 450 2265 esset
464 2208 578 2264 futurus
593 2207 650 2262 dux
668 2213 696 2263 et
713 2206 832 2282 signifer
848 2207 922 2265 eala-

77 2285 255 2343 mitosorum.
300 2293 344 2344 51.
368 2287 442 2344 Turn
460 2288 556 2364 igitur,
571 2287 616 2342 his
633 2286 716 2344 rebus
732 2286 846 2357 auditis,
861 2306 922 2345 ma·

77 2366 201 2424 ministis
225 2366 286 2424 fieri
311 2376 425 2425 senatus
454 2367 614 2424 consultum
643 2367 783 2423 referente
806 2385 861 2436 me,
881 2386 920 2425 ne

77 2455 192 2523 postero
213 2447 260 2505 die
281 2449 399 2506 eornitia
419 2447 597 2514 haberentur,
613 2453 646 2502 ut
665 2447 700 2503 de
718 2445 764 2502 his
785 2444 869 2502 rebus
887 2447 920 2505 in

77 2537 176 2585 senatu
196 2548 278 2603 agere
297 2547 453 2605 possemus.
496 2525 596 2601 Itaque
616 2526 754 2601 postridie
773 2526 920 2601 frequenti

77 2616 176 2664 senatu
198 2608 350 2665 Catilinam
373 2605 494 2664 excitari
515 2613 600 2680 atque
625 2625 691 2662 eum
712 2606 747 2663 de
768 2605 813 2662 his
834 2605 919 2663 rebus

77 2685 145 2742 iussi
160 2688 184 2743 si
199 2689 269 2764 quid
283 2688 374 2755 vellet,
385 2706 457 2764 quae
471 2684 507 2741 ad
518 2704 564 2740 me
579 2685 688 2743 adlatae
703 2694 804 2757 essent,
815 2686 916 2744 dicere.

76 2765 174 2842 Atque
185 2767 240 2836 ille,
250 2775 283 2824 ut
294 2787 405 2844 semper
415 2765 473 2822 fuit
487 2763 689 2840 apertissimus,
699 2785 758 2823 non
773 2785 802 2822 se
816 2785 919 2842 purga-

76 2846 126 2916 vit,
137 2846 186 2903 sed
201 2847 337 2903 indicarit
352 2854 436 2922 atque
451 2845 552 2901 induit.
589 2844 664 2901 Turn
679 2847 755 2902 enirn
771 2846 844 2902 dixit
859 2846 917 2903 duo

76 2943 196 3003 corpora
207 2947 265 2984 esse
277 2927 317 2983 rei
328 2925 465 3002 publicae,
475 2944 563 2980 unum
574 2924 674 2995 debile,
683 2925 797 2982 infirmo
809 2926 916 3001 eapite:

76 3005 195 3063 alterurn
210 3006 403 3075 fi1·rnum‚sine
418 3003 526 3080 eapite:
547 3004 697 3074 huie,eu1n
712 3005 753 3062 ita
766 3006 802 3062 de
816 3026 846 3062 se
860 3025 918 3063 rue

75 3083 162 3140 ritum
183 3095 263 3155 esset,
279 3091 365 3161 eaput
382 3104 410 3141 se
430 3084 496 3140 vivo
515 3103 571 3140 non
589 3084 764 3141 defuturum.
807 3085 920 3154 Conse-

76 3164 149 3220 nruit
165 3172 278 3222 senatus
294 3165 428 3237 frequens
445 3182 537 3243 neque
554 3169 654 3223 tauron
671 3163 744 3221 satis
760 3179 861 3216 serere
875 3177 934 3226 pro
