1988 3480
59 110 105 160 192
257 108 328 161 PRO
342 110 374 171 Q.
388 108 538 159 LIGARIO
554 106 701 159 ORATIO.

56 218 138 289 gesto
153 211 238 267 etiam
254 230 288 267 ex
302 218 383 288 parte
397 230 508 287 magna,
519 209 598 267 nulla
611 208 639 266 ri
653 216 790 283 coactus,
804 212 921 273 iudicio

56 312 89 348 ae
107 290 253 347 voluntate
271 291 307 347 ad
326 312 359 348 ea
375 311 453 348 arma
494 290 620 347 refectus
640 309 716 359 sum,
729 310 814 368 quae
833 303 917 353 erant

57 379 173 447 saraipta
193 380 293 427 eontra
316 378 353 428 te.
398 311 492 447 Apud
509 390 595 447 quem
619 370 713 444 igitur
735 369 800 429 hoe
827 374 915 433 dieol

57 450 169 527 Nempe
190 451 267 527 apud
285 471 361 517 eum,
377 452 434 528 qui,
450 470 514 508 eum
537 450 592 506 lroe
614 449 708 520 sciret,
724 457 833 510 tamen
855 474 913 523 me,

56 539 121 587 arrte
134 550 218 607 ‹pumr
234 531 313 595 vidit,
327 532 365 587 rei
381 531 511 607 publieae
525 529 668 586 reddidit:
690 531 742 607 qui
756 532 801 589 ad
812 552 862 590 me
877 554 913 592 ex

55 610 193 687 dempto
210 611 317 667 litteras
338 612 426 679 misit,
438 619 468 667 ut
486 630 576 667 essem
593 609 669 665 idem
691 610 745 686 qui
762 611 912 671 fuissem:

56 691 113 768 qui,
126 711 192 747 euru
209 692 270 767 ipae
287 691 442 767 imperator
459 691 488 746 in
505 698 569 746 toto
586 688 709 765 imperio
725 692 837 768 populi
852 693 909 751 Ro

56 771 132 826 inani
151 790 224 827 unus
240 778 321 837 esset,
334 790 393 827 esse
410 790 456 826 me
473 769 593 826 alterum
607 787 708 845 passus
723 776 789 827 est:
811 792 831 829 a
849 792 910 851 quo

55 850 109 905 hoe
135 850 198 926 ipso
221 850 253 906 (Σ
267 850 360 906 Pansa
383 850 455 906 milri
479 849 554 905 hunc
576 848 712 905 nuntium
735 851 909 925 perferente

55 948 204 985 concessos
217 930 310 985 fasces
325 929 465 986 laureatos
479 929 566 999 tenui,
579 927 674 1004 quoad
688 929 838 987 tenendos
854 951 910 1009 pu-

54 1008 129 1064 tari:
152 1009 200 1083 qui
217 1008 289 1064 milri
306 1017 368 1065 tum
386 1009 509 1087 denique
526 1028 555 1064 se
572 1007 692 1064 salutem
706 1010 829 1083 putavit
842 1012 908 1070 red-

54 1088 129 1155 dere,
138 1087 161 1143 si
176 1106 238 1144 eam
250 1087 334 1145 nullis
349 1088 498 1165 spoliatam
511 1088 685 1145 ornamentis
695 1087 837 1148 dedisset.
876 1098 906 1151 8,

55 1167 139 1238 Vide,
152 1187 265 1245 quaeso,
277 1168 399 1239 Tubero,
412 1177 452 1238 ut,
465 1169 514 1245 qui
534 1168 570 1224 de
590 1186 656 1224 mee
672 1167 753 1224 facto
770 1187 834 1227 non
852 1171 908 1229 dn-

54 1247 152 1318 bitem,
165 1248 201 1305 de
215 1248 320 1324 Ligarii
335 1268 393 1305 non
408 1249 528 1304 audeam
542 1245 678 1305 confiteri.
711 1245 816 1325 Atque
830 1250 906 1310 haee

54 1335 205 1404 propterea
225 1328 261 1386 de
281 1349 328 1386 me
349 1328 417 1398 dixi,
433 1336 465 1385 ut
485 1327 557 1384 mihi
577 1326 700 1397 Tubero,
715 1345 787 1384 eum
807 1329 847 1387 de
872 1351 908 1389 se

54 1408 153 1464 eadem
168 1408 299 1478 dicerem,
310 1409 485 1481 ignosceret:
503 1408 585 1465 euius
598 1425 653 1482 ego
666 1406 830 1466 industriae
840 1411 907 1488 gle-

54 1488 167 1564 riaeque.
184 1488 268 1545 farreo
281 1488 326 1545 vel
342 1496 460 1566 prepter
475 1488 667 1565 propinquam
681 1488 903 1564 cognationem,

54 1567 97 1623 vel
115 1568 192 1644 <prod
213 1569 274 1625 eius
295 1568 410 1645 ingenie
432 1568 589 1644 studiisque
610 1565 746 1638 delecter,
757 1567 803 1625 vel
818 1571 904 1646 quod

54 1646 166 1703 laudem
195 1648 381 1706 adolescentis
404 1647 560 1725 propinqui
584 1646 723 1704 existimo
741 1647 833 1704 etiam
863 1651 905 1707 ad

53 1746 150 1784 mcum
165 1727 288 1805 aliquem
298 1729 424 1785 fructum
436 1727 601 1784 redundare.
637 1732 663 1784 9.
676 1725 734 1783 Sed
744 1726 802 1784 hec
813 1747 904 1805 quae·

53 1825 100 1863 ro:
122 1807 193 1875 Quis
204 1815 287 1883 putat
302 1827 361 1864 esse
376 1808 483 1865 crimen
494 1808 582 1864 fuisse
593 1807 623 1863 in
634 1805 753 1863 Africal
781 1806 903 1885 Nempe

54 1887 86 1955 is,
100 1887 148 1963 qui
166 1894 194 1943 et
212 1887 272 1964 ipsc
290 1888 317 1942 in
336 1887 436 1944 eadem
453 1887 554 1944 Africa
570 1906 630 1944 esse
643 1886 735 1965 veluit
752 1892 782 1943 et
798 1887 904 1963 prehi—

53 1965 146 2023 bitum
167 1986 196 2023 se
215 1986 232 2022 a
250 1965 364 2041 Ligario
381 1967 515 2043 queritur,
529 1974 558 2024 et
577 1972 657 2023 certe
674 1972 774 2022 contra
798 1966 900 2043 ipsum

54 2045 203 2102 Caesarem
225 2052 267 2101 est
288 2064 455 2122 congressus
473 2053 605 2103 annates.
648 2043 725 2113 Quid
742 2045 904 2117 enim,'l'u—

54 2125 130 2195 bere,
142 2132 209 2180 tuus
226 2124 273 2181 ille
294 2125 445 2183 destrictus
465 2126 497 2181 in
518 2127 577 2183 acie
598 2123 762 2182 Pharsalica
780 2124 902 2201 gladius

54 2204 175 2280 agebat?
195 2205 275 2262 cuius
291 2205 365 2262 latus
382 2206 431 2262 ille
449 2224 550 2262 mucro
569 2204 704 2282 petebat?
724 2204 774 2280 qui
795 2224 901 2265 sensus

54 2292 113 2342 erat
124 2304 267 2342 annerum
282 2287 416 2343 tuorum?
437 2304 510 2362 quae
523 2293 574 2342 tna
586 2305 675 2355 mem,
688 2283 772 2355 oculi,
782 2304 903 2358 manus,

54 2366 139 2423 arder
150 2366 258 2422 animit
279 2366 349 2442 quid
362 2364 515 2442 cupiebast
535 2365 606 2441 quid
620 2364 758 2442 optabasl
798 2363 904 2424 Nimis

54 2465 158 2522 urgeo:
181 2446 354 2503 commoveri
369 2446 482 2503 videtur
494 2445 675 2502 adolescens:
696 2444 733 2501 ad
743 2463 792 2501 me
804 2463 900 2503 rever-

54 2533 111 2582 tar:
129 2526 230 2582 iisdem
245 2527 274 2582 in
289 2525 440 2582 armisfui.
475 2524 528 2582 IV.
559 2531 605 2582 10.
617 2524 695 2592 Quid
705 2530 801 2581 autem
816 2524 900 2583 aliud

55 2605 305 2679 egimus'l'ubere,
320 2607 375 2662 nisi
396 2611 428 2662 ut
445 2605 523 2681 quod
545 2604 591 2661 liic
611 2611 708 2681 potest
726 2623 780 2661 nos
799 2623 902 2681 pesse·

54 2687 137 2742 must
177 2685 305 2753 Quorum
327 2687 415 2762 igitur
437 2685 603 2762 impunitas
622 2684 733 2754 Caesar,
750 2692 818 2741 tuae
842 2685 903 2744 cle—

54 2766 178 2822 mentiae
195 2765 256 2821 laus
273 2774 323 2835 est,
339 2785 436 2822 eorum
454 2765 581 2841 ipserum
599 2764 636 2821 ad
650 2764 848 2822 crudelitatem
865 2771 898 2823 te

55 2853 136 2902 aeiret
155 2845 265 2902 cratiol
305 2845 402 2921 Atque
420 2846 451 2901 in
470 2845 523 2901 hac
544 2864 628 2902 eausa
648 2865 706 2901 nen
726 2843 798 2900 nihil
817 2845 900 2921 equi-

55 2925 128 2994 dem,
140 2924 261 2996 Tuber0,
272 2926 357 2981 etiam
372 2931 459 2994 tuam,
473 2925 522 2981 sed
537 2925 628 2982 multe
643 2925 737 3001 magis
750 2924 841 3000 patris
850 2924 896 2981 tui

54 3004 235 3080 prudentiam
253 3004 392 3074 desidere,
407 3004 484 3080 qued
501 3003 588 3061 homo
610 3025 675 3062 cum
696 3004 897 3081 ingeniatum

55 3084 141 3140 etiam
153 3083 282 3140 doctrina
292 3083 432 3140 excellens
444 3103 535 3160 genus
548 3084 603 3141 hoc
618 3104 718 3142 causae
731 3084 809 3161 qued
819 3091 898 3142 esset

55 3182 112 3219 nen
127 3163 236 3220 viderit.
279 3162 354 3221 Nam
369 3163 393 3222 si
408 3164 534 3235 vidisset,
547 3165 651 3242 queris
662 3165 797 3240 proiecto
811 3182 905 3235 quam

42 3243 99 3299 isto
113 3243 233 3302 modo-a
250 3245 342 3324 teagi
358 3245 521 3305 maluisset.
