1988 3480
233 116 236 121 ’
285 133 364 182 ear.
381 133 561 193 xix-xxi,
578 131 592 192 e
607 133 696 182 4045.
879 135 912 183 er

73 251 116 290 res
134 233 247 309 publica
263 232 448 304 liberalitatis,
462 253 518 310 qua
533 253 601 290 usus
617 233 722 290 multas
739 233 793 290 sibi
810 233 911 306 tribus,

73 333 144 390 quae
156 313 319 389 municipiis
330 313 468 370 Umbriae
479 312 675 383 conficiuntur,
686 312 832 370 adiunxit:
850 314 911 390 ipse

72 401 168 450 autem
189 393 218 449 in
240 392 333 449 Gellia
354 399 387 449 ut
407 394 498 449 nostri
518 392 649 450 homines
671 393 832 469 desperatas
854 395 911 451 iam

71 473 207 549 pecunias
227 473 374 549 exigerent
394 473 537 549 aequitate
557 472 760 550 diligentiaque
781 473 911 549 perfecit.

72 552 116 609 Tu
127 554 235 609 interea
248 552 358 609 Romae
372 552 479 609 scilicet
493 553 592 609 amicis
606 560 719 628 praesto
734 553 822 610 fuisti.
862 554 912 612 Fa-

71 640 147 689 teor:
166 633 216 689 sed
226 641 323 689 tamen
334 632 406 689 illud
416 633 519 709 cogita,
530 651 588 688 nou
600 632 743 689 nullorum
754 633 911 690 amicorum

71 713 167 769 studia
182 713 274 770 minui
291 712 380 770 solere
397 713 427 768 in
445 731 501 782 eos,
517 731 535 768 a
551 712 653 788 quibus
670 713 830 789 provincias
846 733 908 770 con

71 793 161 849 immi
175 793 347 870 intelligunt.

111 873 193 930 XXI.
238 878 285 930 43.
311 873 349 930 Et
374 873 510 949 quoniam
536 872 656 943 ostendi,
677 873 793 944 iudices,
813 893 910 950 parem

71 952 240 1027 dignitatem
256 953 293 1010 ad
303 952 466 1010 consulatus
480 952 658 1028 petitionem,
669 952 809 1029 disparem
822 953 913 1011 fortu-

71 1051 136 1087 nam
156 1033 373 1109 provincialium
392 1033 574 1109 negotiorum
592 1031 622 1088 in
640 1031 758 1090 Murena
777 1040 861 1110 atque
880 1033 910 1090 in

71 1111 197 1188 Sulpicio
214 1113 311 1183 fuisse,
324 1113 417 1170 dicam
432 1113 489 1169 iam
506 1111 632 1188 apertius
646 1112 676 1169 in
695 1132 751 1189 quo
769 1133 848 1170 meus
864 1133 913 1170 ue·

70 1193 204 1249 cassarius
225 1194 313 1250 fuerit
334 1193 453 1249 inferior
474 1191 596 1262 Servius,
612 1199 641 1248 et
662 1211 695 1248 ea
715 1193 808 1248 dicam
830 1193 912 1250 vobis

70 1273 259 1343 audientibus,
278 1273 382 1328 amisso
404 1273 460 1329 iam
482 1279 619 1348 tempore,
639 1289 710 1347 quae
732 1272 786 1348 ipsi
808 1271 861 1328 soli
882 1292 911 1329 re

70 1352 181 1427 integra
201 1372 284 1428 saepe
306 1352 373 1408 dixi.
416 1351 517 1408 Petere
542 1350 722 1407 consulatum
745 1352 852 1408 nescire
866 1359 910 1423 te,

71 1430 158 1501 Servi,
174 1450 308 1507 persaepe
327 1431 382 1487 tibi
399 1431 475 1487 dixi:
498 1437 526 1488 et
543 1431 573 1486 iu
590 1431 625 1487 iis
644 1430 728 1487 rebus
747 1431 825 1507 ipsis,
842 1451 912 1508 quas

70 1518 99 1566 te
113 1529 218 1586 magno
236 1518 264 1567 et
279 1511 349 1567 forti
364 1511 460 1566 animo
477 1518 602 1586 stagera
619 1517 648 1566 et
662 1510 755 1567 dicere
769 1510 910 1582 videbam,

70 1589 125 1645 tibi
145 1590 246 1646 solitus
267 1610 331 1646 sum
350 1588 443 1646 dicere
464 1590 556 1665 magis
576 1596 605 1645 te
624 1589 730 1646 fortem
752 1597 910 1647 senatorem

71 1669 143 1724 mihi
159 1669 249 1726 videri
267 1689 351 1746 quam
370 1669 527 1745 sapientem
545 1668 736 1726 candidatum.
780 1669 911 1726 Primum

71 1749 220 1805 accusandi
235 1757 354 1806 terrores
369 1757 398 1805 et
411 1749 514 1819 minae,
528 1748 630 1824 quibus
644 1756 676 1805 tu
691 1749 797 1806 cotidie
811 1750 854 1806 uti
869 1769 912 1806 so·

71 1829 155 1899 lebas,
167 1836 233 1885 sunt
247 1830 333 1886 fortis
346 1829 407 1899 rin',
420 1829 469 1885 sed
483 1835 512 1885 et
526 1828 627 1904 populi
644 1829 810 1905 opinionem
828 1849 845 1886 a
861 1849 911 1906 spe

70 1909 246 1985 adipiscendi
265 1916 396 1966 avertunt
415 1916 444 1965 et
462 1908 619 1965 amicorum
639 1909 735 1965 studia
751 1909 909 1968 debilitant.

70 1988 173 2045 Nescio
192 2008 248 2064 quo
265 1995 350 2065 pacto
370 2008 483 2064 semper
498 1987 553 2045 hoc
570 1987 610 2058 fit,
627 2008 719 2065 neque
736 1988 766 2045 in
783 2009 841 2047 uno
861 1997 912 2046 aut

70 2069 157 2125 altero
171 2069 400 2125 ammadversum
414 2075 464 2139 est,
477 2068 527 2125 sed
541 2069 598 2124 iam
612 2069 642 2124 in
657 2068 803 2145 pluribus:
826 2070 911 2126 simul

69 2156 153 2225 atque
170 2149 338 2206 candidatus
354 2148 563 2205 accusationem
578 2148 711 2205 meditari
725 2149 801 2206 visus
816 2157 866 2219 est,
878 2156 912 2207 ut

69 2228 206 2286 honorem
229 2229 391 2305 desperasse
412 2229 548 2285 videatur.
592 2234 638 2285 44.
662 2227 739 2296 Quid
759 2231 846 2305 ergol
868 2248 912 2286 ac-

69 2316 180 2384 ceptam
202 2309 335 2364 iniuriam
356 2308 486 2384 persequi
508 2327 566 2364 non
587 2308 698 2384 placetl
719 2308 809 2365 immo
830 2309 912 2367 vehe-

69 2395 179 2444 menter
199 2388 299 2464 placet,
319 2389 368 2444 sed
389 2387 467 2444 aliud
487 2396 602 2464 tempus
626 2397 669 2444 est
689 2389 815 2464 petendi,
834 2389 912 2445 aliud

68 2469 263 2544 persequendi.
307 2467 465 2524 Petitorem
481 2487 543 2543 ego,
556 2468 720 2542 praesertim
737 2467 909 2538 consulatus,

69 2567 172 2623 magna
186 2568 244 2623 spe,
256 2558 362 2623 magno
377 2548 482 2617 animo,
495 2547 607 2621 magnis
621 2547 712 2622 copiis
727 2547 799 2603 etin
814 2548 911 2604 forum

70 2635 97 2681 et
114 2627 144 2682 in
159 2647 291 2703 campum
307 2627 410 2684 deduci
424 2627 504 2683 volo:
527 2645 584 2682 non
600 2626 693 2702 placet
707 2625 779 2682 mihi
794 2627 912 2704 inquisi-

68 2706 110 2761 tio
125 2707 269 2763 candidati
284 2707 454 2782 praenuntia
467 2705 603 2782 repulsae,
614 2725 673 2761 nou
684 2706 800 2763 testium
814 2707 912 2783 potius

70 2804 154 2860 quam
178 2787 397 2861 suffragatorum
421 2785 605 2861 comparatio
623 2804 682 2841 non
703 2787 797 2843 minae
820 2787 912 2863 magis

70 2884 155 2940 quam
169 2864 332 2936 blanditiae,
345 2885 403 2921 non
418 2865 587 2921 declamatio
604 2865 701 2941 potius
719 2885 804 2942 quam
821 2886 912 2941 persa-

70 2943 179 3014 lutatio,
195 2946 360 3020 praesertim
380 2965 445 3001 cum
465 2946 522 3001 iam
541 2945 596 3001 hoc
615 2964 690 3000 novo
711 2965 791 3002 more
811 2965 913 3002 omnes

69 3025 128 3080 fere
143 3024 245 3080 domos
263 3025 393 3080 omnium
410 3031 586 3082 concursent
598 3031 632 3080 ct
643 3024 786 3078 eaerum
796 3019 954 3094 caum-⁸

67 3111 159 3161 torum
182 3105 382 3164 coniecturam
402 3106 521 3165 iaciant
541 3110 695 3182 quantulis
715 3098 850 3185 grausone
866 3094 967 3198 &Q

57 3191 87 3242 et
101 3187 257 3248 resultatis
276 3189 390 3250 habere
405 3190 563 3248 videatur.
609 3188 667 3239 ab.
681 3176 712 3232 Nl
721 3172 838 3227 inesco
846 3167 921 3211 W·
