1988 3480
60 132 89 176 16
166 128 215 176 Du
233 125 390 176 IMPERIO
403 125 457 174 CN.
472 125 625 176 POMPEII
642 125 784 177 ORATIO.

57 238 119 286 turn
135 227 263 298 consilia,
276 234 414 304 quantum
432 226 546 283 dicendi
560 227 698 303 gravitate
713 234 741 284 ot
756 227 839 304 copia
853 247 894 285 va·

58 309 121 378 icat,
134 308 164 363 in
179 327 236 384 quo
250 307 314 383 ipso
329 307 404 364 inest
415 307 554 383 quaedam
566 307 691 383 dignitas
705 308 896 384 imperatoria,

58 407 117 458 vos,
130 386 262 457 Quirites,
275 386 330 443 hoc
348 387 411 462 ipso
429 406 462 442 ex
478 387 541 443 loeo
558 389 810 463 saepe'eognostis.
854 388 897 444 Fi·

58 469 124 525 dem
139 487 206 523 vero
222 468 282 523 cius
300 473 435 543 quantam
450 466 524 522 inter
541 466 633 522 socios
647 467 802 523 existimari
816 474 897 542 puta·

58 548 103 617 tis,
120 566 205 624 quarn
222 546 319 603 hostes
336 565 436 603 ornnes
457 546 586 603 omniurn
603 565 740 622 generum
758 547 897 603 sanctissi-

58 647 135 684 mam
153 626 323 683 iudicarint?
354 625 542 683 Humanitate
557 626 614 682 iam
625 633 705 682 tanta
719 633 769 697 cst,
780 635 812 683 ut
826 626 899 683 diiii⁶
959 647 964 656 ·

59 707 111 764 cilo
125 707 204 763 dictu
222 706 259 762 sit
273 712 369 762 utrum
384 704 481 763 hostes
497 706 590 782 magis
603 706 738 763 virtutem
753 707 813 762 eius
826 726 896 783 pug-

58 794 159 844 nantes
175 786 323 843 timuerint
337 805 373 842 an
391 785 639 843 mansuetudinem
654 786 723 842 victi
737 786 895 844 dilexerint.

59 867 97 924 Et
111 867 261 943 quisquam
275 865 420 922 dubitabit
434 867 502 942 quin
517 865 583 922 huic
597 865 653 922 hoo
666 872 779 922 tanturn
790 865 897 923 bellurn

58 945 310 1004 transmittendum
325 946 369 1014 sit,
387 946 435 1022 qui
452 946 600 1002 adomnia
616 952 730 1002 nostrae
743 947 898 1004 memoriae

59 1026 132 1083 bella
149 1025 325 1082 conficienda
341 1025 439 1082 divino
457 1025 581 1102 quodam
599 1025 718 1082 oonsilio
735 1033 818 1082 natus
838 1045 898 1083 esse

59 1106 206 1162 videatur?

99 1185 166 1243 XV.
204 1190 250 1242 43.
269 1185 307 1241 Et
322 1185 457 1262 quoniam
474 1185 627 1242 auctoritas
644 1204 757 1262 quoque
772 1185 897 1243 inbellis

59 1265 292 1323 administrandis
319 1264 442 1322 multum
470 1272 556 1341 atque
580 1266 610 1322 in
634 1266 755 1342 imperio
780 1265 896 1324 militari

59 1346 141 1417 valet,
158 1353 233 1402 certe
250 1345 357 1402 nemini
374 1344 493 1402 dubium
511 1351 554 1402 est
571 1345 640 1421 quin
659 1365 692 1402 ea
708 1365 738 1402 re
755 1345 833 1402 idem
850 1345 897 1403 ille

59 1426 215 1502 imperator
226 1424 380 1501 plurimum
395 1425 493 1500 possit.
526 1424 720 1482 Vehementer
730 1433 826 1482 autem
836 1445 897 1501 per-

60 1507 149 1562 tinere
164 1505 200 1562 ad
214 1504 288 1562 bella
301 1504 526 1562 administranda
540 1505 610 1582 quid
623 1505 728 1574 hostes,
742 1504 811 1582 quid
828 1505 897 1561 socii

60 1586 96 1644 de
120 1585 339 1661 imperatoribus
364 1587 468 1642 nostris
495 1586 659 1643 existiment
685 1585 748 1661 quis
775 1586 897 1661 ignorat,

61 1685 126 1723 cum
150 1666 272 1723 sciamus
292 1665 423 1723 homines
443 1667 473 1723 in
494 1666 581 1722 tantis
605 1665 689 1722 rebus
709 1671 743 1721 ut
764 1672 813 1721 aut
834 1684 898 1720 con-

60 1752 190 1802 temnant
200 1753 250 1802 aut
260 1752 390 1802 metuant
400 1752 449 1802 aut
461 1745 573 1802 oderint
584 1752 633 1801 aut
644 1750 749 1813 ament,
763 1744 898 1819 opinione

61 1844 119 1880 nou
135 1825 231 1880 minus
248 1824 371 1880 etfama
388 1844 472 1900 quam
494 1824 588 1899 aliqua
604 1823 714 1879 ratione
731 1830 808 1878 certa
824 1842 899 1878 eom-

60 1904 186 1960 moverit
228 1903 313 1970 Quod
329 1903 417 1978 igitur
437 1921 542 1958 nornen
559 1920 696 1977 umquam
715 1902 744 1956 in
762 1901 830 1957 orbe
847 1908 899 1957 ter·

61 2003 154 2040 ramrn
177 1982 278 2039 clarius
299 1982 373 2038 fuist
395 1983 473 2038 cuius
494 2000 538 2037 res
554 1987 651 2057 gestae
668 1981 768 2056 pares?
789 1981 899 2057 dequo

61 2063 177 2120 homine
202 2080 261 2132 voe,
281 2061 312 2117 id
337 2062 415 2137 quod
440 2060 564 2117 maxime
592 2060 663 2116 facit
690 2061 898 2133 auctoritatem,

62 2149 142 2200 tanta
155 2148 184 2198 ct
197 2148 257 2197 tam
272 2141 414 2217 praeclara
427 2139 532 2197 iudicia
546 2140 673 2197 fecistis?
708 2146 754 2198 44.
770 2140 818 2198 An
833 2162 900 2200 vero

62 2223 147 2280 ullam
165 2240 286 2298 usquam
307 2241 367 2278 esse
388 2240 465 2278 oram
482 2227 542 2276 tam
560 2220 701 2287 desertam
717 2223 826 2299 putatis
843 2241 909 2300 quo·

63 2322 120 2359 non
137 2301 212 2357 illins
226 2301 285 2357 diei
301 2301 379 2357 fama
395 2300 556 2376 pervaserit,
569 2320 635 2358 curn
648 2302 797 2360 universus
810 2322 900 2380 popu·

62 2382 106 2438 lus
117 2381 263 2437 Romanus
275 2380 379 2438 referto
390 2380 454 2436 foro
469 2381 676 2459 completisque
687 2382 820 2440 omnibus
830 2391 899 2440 tema

62 2462 125 2538 plis,
141 2481 176 2518 ex
193 2461 296 2538 quibus
312 2460 360 2517 hic
376 2460 454 2516 locus
471 2463 598 2538 conspici
618 2470 722 2540 potest,
738 2483 828 2520 unum
846 2463 901 2519 sibi

63 2543 99 2599 ad
110 2561 261 2599 commune
273 2540 400 2598 omnium
411 2541 540 2617 gentium
550 2542 656 2600 beilum
668 2543 719 2600 Cn.
728 2543 901 2618 Pompeium

63 2622 264 2698 imperatorem
281 2621 467 2697 depoposcit?
508 2621 608 2701 itaquo
629 2630 662 2680 ut
679 2623 761 2699 plura
780 2641 839 2678 non
861 2622 902 2678 di-

64 2721 125 2758 cam
143 2720 235 2777 ncque
256 2700 376 2757 aliorum
393 2701 530 2778 exemplis
547 2702 712 2760 confirmem
730 2708 869 2779 quantum
887 2701 902 2777 ἢ

63 2781 148 2837 huius
165 2780 318 2836 auctoritas
332 2781 422 2837 valeat
439 2782 468 2836 in
486 2782 569 2853 bello,
582 2782 617 2838 ab
635 2783 735 2839 codem
754 2782 805 2839 Cn.
816 2782 902 2839 Pom·
980 2797 982 2801 ·

65 2861 129 2938 poio
146 2860 276 2915 omnium
291 2879 383 2916 rerum
401 2863 577 2937 egregiarum
592 2863 722 2938 exempla
736 2870 900 2918 sumantur:

65 2940 113 3016 qui
129 2960 185 3016 quo
202 2941 249 2996 die
267 2960 284 2996 a
299 2939 380 2997 vobis
400 2941 545 2997 maritimo
562 2941 637 2997 bello
658 2943 838 3017 praepositus
859 2947 901 2996 est

65 3020 226 3096 imperator,
243 3027 323 3077 tanta
343 3028 458 3096 repente
475 3021 568 3077 vilitas
589 3040 718 3078 annonae
735 3042 769 3078 ex
791 3039 901 3077 summa

65 3101 163 3176 inopia
173 3108 201 3157 ct
212 3101 329 3157 caritate
340 3101 381 3156 roi
391 3100 593 3157 frumentariae
605 3108 756 3158 consecuta
765 3107 808 3156 est
817 3100 901 3155 unius

55 3180 185 3235 bominis
197 3200 250 3255 spe
263 3200 297 3237 ac
313 3180 437 3252 nominc,
451 3186 588 3259 quantam
598 3181 648 3237 uir
658 3200 694 3238 eu
703 3197 819 3236 summa
824 3178 906 3232 uber·
