1988 3480
73 120 106 167 86
248 119 284 166 lN
303 120 332 168 L.
347 118 552 167 CATILINAM
569 117 703 168 ORATIO
721 120 743 168 1.

74 221 158 276 istam
180 226 305 275 mentem
331 218 361 274 di
386 219 561 276 immortales
582 219 682 277 duint!
706 219 759 276 etsi
780 219 872 291 video,
892 221 915 278 si

75 320 138 355 mea
152 317 220 354 voce
231 299 397 373 perterritus
412 299 451 355 ire
465 299 494 354 in
511 299 641 356 exsilium
656 300 782 356 animum
800 300 916 357 induxe-

74 380 120 448 ris,
133 385 239 454 quanta
249 385 405 456 tempestas
415 378 539 436 invidiae
550 379 642 450 nobis,
653 380 676 435 si
687 380 783 436 minus
797 380 827 435 in
838 400 916 457 prac-

74 477 139 514 sens
153 467 266 534 tempus
280 459 386 515 recenti
400 459 540 515 memoria
554 459 690 516 scelerum
705 468 829 530 tuorum,
841 467 871 516 at
885 461 916 516 in

74 539 271 615 posteritatem
290 538 461 616 impendeat.
503 539 562 596 Sed
579 547 621 596 est
638 539 720 609 tanti,
737 539 805 595 dum
827 540 915 596 modo

74 619 129 675 ista
148 618 184 674 sit·
203 619 314 695 privata
332 619 477 675 calamitas
495 626 525 675 et
544 639 561 676 a
577 620 617 676 rei
634 619 764 695 publicae
783 619 916 696 periculis

74 700 246 775 seiungatur.
283 697 340 755 Sed
357 705 389 755 tu
406 705 438 755 ut
452 699 529 756 vitiis
543 699 601 755 tuis
616 717 820 770 commoveam,
833 706 865 755 ut
880 699 917 756 le-

74 797 143 854 gum
158 797 265 854 poenas
282 779 472 855 pertimescas,
485 786 518 835 ut
534 779 712 855 temporibus
729 779 769 835 rei
786 778 916 856 publicae

75 858 165 928 cedas,
178 878 237 914 non
249 867 292 914 est
303 858 515 934 postulandum.
552 858 652 935 Neque
667 859 743 915 enim
755 859 779 915 is
793 879 831 928 cs,
841 857 917 915 Cati-

74 937 140 1008 lina,
153 945 186 994 ut
199 945 228 994 te
246 945 295 994 ant
311 938 406 1014 pudor
421 957 558 1014 umquam
573 959 590 995 a
604 939 782 1015 turpitudine
797 945 846 995 aut
859 958 917 994 me·

73 1025 121 1074 tus
144 1037 161 1074 a
182 1017 309 1094 periculo
331 1025 380 1074 ant
397 1015 469 1075 ratio
491 1038 508 1075 a
528 1018 624 1075 furore
645 1019 824 1074 revocaverit.
868 1024 914 1074 23.

74 1096 168 1164 Quam
189 1097 226 1154 ob
245 1117 314 1168 rem,
326 1104 359 1154 ut
379 1117 463 1174 saepe
483 1099 541 1155 iam
562 1098 629 1168 dixi,
642 1097 819 1174 proficiscere
836 1117 876 1168 ae,
893 1098 916 1154 si

75 1177 147 1233 mihi
162 1177 287 1248 inimico,
299 1184 332 1234 ut
346 1178 499 1255 praedicas,
508 1185 560 1235 tuo
576 1177 698 1234 conflare
713 1179 755 1234 vis
769 1177 914 1248 invidiam,

75 1265 152 1314 recta
165 1258 211 1314 via
225 1277 312 1334 perge
326 1258 356 1313 in
370 1257 518 1314 exsilium:
540 1258 588 1313 vix
603 1259 693 1314 feram
709 1277 853 1314 sermones
866 1257 917 1314 ho-

75 1339 195 1408 minnm,
209 1338 232 1394 si
243 1338 274 1394 id
285 1338 402 1394 feceris:
424 1338 472 1393 vix
486 1337 591 1394 molem
607 1337 689 1394 istius
704 1338 834 1407 invidiae,
848 1335 915 1393 siin

75 1418 205 1475 exsilium
223 1418 302 1473 iussu
317 1417 443 1473 consulis
463 1417 537 1488 ieris,
553 1417 706 1474 sustinebo
748 1416 800 1473 Sin
820 1424 916 1472 autem

75 1498 178 1554 servire
192 1517 273 1554 meae
284 1497 361 1553 laudi
372 1504 402 1553 et
412 1496 520 1573 gloriae
530 1497 628 1567 mavis,
641 1496 774 1573 egredere
789 1516 854 1553 eum
865 1497 916 1552 im-

75 1585 207 1654 portuna·
220 1577 420 1635 sceleratorum
441 1597 537 1648 manu,
553 1577 696 1634 conferte
713 1576 750 1632 ad
768 1576 914 1647 Manlium,

75 1659 188 1715 concita
198 1657 420 1735 perditeseives,
431 1677 543 1714 secerne
553 1664 582 1733 te
593 1677 610 1713 a
621 1657 711 1727 bonis,
724 1657 799 1713 infer
809 1657 916 1732 patriae

75 1737 191 1809 bellum,
204 1737 314 1794 exsulta
327 1737 419 1812 impio
430 1737 588 1808 latrocinio,
602 1744 633 1793 ut
647 1756 664 1793 a
677 1756 723 1793 me
738 1756 796 1792 non
812 1737 916 1793 eiectus

76 1817 113 1873 ad
130 1818 245 1887 alienos,
258 1816 308 1872 sed
325 1817 461 1871 invitatus
484 1817 520 1871 ad
535 1822 602 1872 tuos
619 1835 678 1872 esse
696 1816 824 1874 videaris.
868 1821 914 1872 24.

75 1896 257 1972 Quamquam
280 1895 350 1971 quid
371 1913 425 1970 ego
446 1901 475 1950 te
496 1895 656 1966 invitem,a
677 1916 734 1972 quo
751 1897 808 1952 iam
830 1897 915 1952 sciam

76 1995 136 2032 esse
150 1976 320 2052 praemissos
336 1974 385 2050 qui
396 1973 450 2030 tibi
465 1973 501 2031 ad
516 1974 620 2031 Forum
631 1975 781 2033 Aurelium
793 1983 916 2052 praesto-

76 2055 202 2111 larentur
223 2055 343 2110 armatii
367 2054 413 2110 cui
434 2054 522 2111 seiam
546 2062 659 2132 pactam
681 2063 710 2113 et
731 2057 916 2113 constitutam

76 2154 142 2191 eum
154 2134 261 2190 Manlio
273 2134 368 2191 diem?
389 2153 406 2190 a
420 2153 477 2211 quo
488 2135 575 2192 etiam
590 2135 713 2212 aquilam
727 2136 804 2192 illam
819 2154 916 2211 argen-

75 2221 152 2270 team
175 2234 260 2290 quam
281 2214 335 2271 tibi
356 2233 388 2271 ac
409 2215 467 2271 tuis
492 2215 626 2273 omnibus
646 2216 834 2292 perniciosam
856 2234 916 2272 esse

76 2293 191 2350 confido
208 2313 240 2350 ae
257 2294 401 2352 funestam
419 2294 555 2366 futuram,
568 2297 614 2352 cui
631 2297 729 2353 domui
747 2303 811 2352 tuae
827 2314 916 2351 saera·

77 2374 152 2430 rium
173 2374 308 2431 scelerum
330 2383 445 2432 tuorum
463 2376 653 2432 constitutum
670 2376 734 2444 fnit,
748 2375 835 2431 sciam
857 2394 916 2431 esse

76 2455 279 2528 praemissaml
294 2526 300 2531 ,
318 2454 364 2512 Tu
378 2461 411 2511 ut
425 2455 474 2512 illa
488 2455 596 2512 diutius
613 2473 705 2510 carere
719 2454 818 2529 possis,
829 2473 916 2530 quam

77 2535 203 2591 venerari
220 2535 257 2592 ad
274 2535 388 2592 caedem
406 2535 587 2611 proficiscens
609 2532 725 2603 solebas,
741 2552 758 2588 a
779 2535 859 2590 euius
880 2534 916 2589 al·

76 2614 185 2671 taribus
207 2634 289 2692 saepe
306 2616 390 2672 istam
408 2616 527 2692 impiam
544 2615 689 2682 dexteram
707 2612 743 2668 ad
760 2632 858 2669 necem
880 2614 917 2669 ei-

77 2693 154 2748 vium
177 2694 365 2751 transtulistil
406 2695 443 2751 X.
480 2701 526 2750 25.
543 2693 602 2750 Ibis
618 2692 735 2750 tandem
753 2692 914 2768 aliquande,

78 2791 135 2847 quo
150 2780 178 2829 te
193 2773 373 2849 iampridem
388 2775 443 2830 ista
455 2780 506 2830 tna
519 2773 661 2850 cupiditas
675 2773 812 2830 effrenata
826 2793 858 2828 ae
873 2774 916 2828 fu·

78 2852 152 2907 riosa
166 2852 300 2928 rapiebat.
344 2853 443 2929 Neque
458 2854 533 2909 enim
548 2852 601 2909 tibi
616 2853 684 2909 haec
699 2873 742 2909 res
760 2853 853 2909 adfert
868 2853 916 2909 do-

77 2929 175 3002 lorem,
192 2932 242 2989 scd
256 2932 409 3008 quamdam
427 2933 621 2990 incredibilem
638 2932 823 3009 voluptatem.
866 2930 916 2986 Ad

78 3009 150 3067 hanc
167 3020 196 3068 te
213 3013 366 3069 amentiam
384 3018 485 3068 natura
501 3014 620 3089 peperit,
633 3012 763 3069 voluntas
781 3010 914 3079 exercuit,

77 3089 194 3148 fortuna
213 3093 342 3148 servavit.
386 3091 551 3168 Numquam
571 3099 604 3150 tn
625 3112 682 3149 non
703 3094 791 3149 modo
813 3091 914 3160 otium,

68 3170 125 3223 sed
146 3188 186 3226 aa
208 3171 316 3228 bellum
346 3170 464 3245 quidem
493 3172 550 3231 nisi
577 3173 724 3232 netarium
750 3170 922 3243 concupisti.
