1988 3480
321 115 400 165 CAP.
417 115 575 178 xt-xm,
592 113 711 175 §aa-33.
891 117 938 170 ,39

97 215 186 274 166166
214 215 369 293 naufragos
398 216 602 293 adgregaverit,
627 217 824 293 exstinguetur
851 222 937 295 atque

97 296 238 354 delebitur
260 315 318 352 11611
340 296 428 353 modo
451 296 520 354 haec
542 304 602 354 tam
625 297 723 354 adulta
744 297 937 374 reipublicae

96 377 193 452 postia,
206 396 303 432 verum
320 376 407 433 etiam
423 376 509 455 stirps
526 396 558 434 ac
575 397 671 434 semen
688 377 829 434 malorum
846 379 937 434 omni·

96 476 153 512 um.
197 456 280 512 XIII.
322 461 367 512 31.
390 456 505 513 Etenim
520 457 576 514 iam
592 457 650 526 diu,
662 463 757 533 patres
771 458 933 534 conscripti,

96 536 126 592 111
148 535 192 591 his
212 536 344 611 periculis
367 537 571 593 coniurationis
594 537 761 613 insidiisque
781 557 933 609 versamur,

96 615 146 672 sed
167 615 261 672 nescio
284 635 340 692 quo
361 622 446 690 pacto
469 617 598 672 omnium
621 616 757 673 scelerum
779 636 811 673 ac
831 619 934 674 veteris

39 756 41 760 ,
96 695 200 752 furoris
222 701 252 752 et
273 695 406 753 audaciae
430 697 579 752 maturitas
601 697 631 752 in
656 697 746 753 nostri
772 697 934 754 consulatus
954 759 956 764 ¹

95 782 208 851 tempus
223 776 323 852 erupit.
360 774 445 843 Quod
456 775 480 832 si
491 795 525 832 ex
539 783 621 833 tanto
633 776 781 833 latrocinio
793 776 846 833 1616
861 797 934 833 unus

95 855 218 926 tolletur,
231 855 392 912 videbimur
407 856 527 912 fortasse
547 856 584 912 ad
600 856 684 913 breve
703 856 847 932 quoddam
865 863 935 912 tem·
968 898 976 914 .

95 953 149 1011 pus
173 954 240 991 cura
264 942 293 991 et
317 942 398 992 metu
424 955 484 992 6666
511 936 634 1007 relevati,
655 936 813 1012 periculum
838 943 934 992 autem

95 1013 230 1071 residebit
249 1021 278 1071 et
295 1015 348 1072 erit
364 1015 506 1072 inclusum
523 1017 638 1092 penitus
654 1017 684 1072 in
701 1016 781 1072 venis
800 1022 884 1092 atquc
903 1016 933 1071 in

95 1093 249 1151 visceribus
272 1095 312 1151 rei
338 1094 476 1171 publicae.
520 1096 569 1154 Ut
594 1115 677 1173 saepe
701 1096 832 1152 homines
857 1096 934 1172 aegri

94 1173 195 1230 morbo
207 1174 294 1250 gravi,
306 1194 395 1251 quum
405 1183 485 1232 aestu
496 1175 626 1252 febrique
636 1177 786 1246 iactantur,
797 1176 819 1232 si
831 1194 934 1251 aquam

95 1253 219 1330 gelidam
246 1254 379 1326 biberint,
401 1256 496 1332 primo
523 1255 640 1312 relevari
667 1255 807 1326 videntur,
830 1254 934 1311 deinde

95 1332 186 1390 multo
208 1334 322 1410 grauius
343 1334 596 1411 vehementiusque
618 1334 808 1405 adflictantur,
827 1335 866 1390 sio
887 1334 934 1390 hic

95 1413 220 1484 morbae,
233 1414 283 1489 qui
300 1421 343 1470 est
356 1414 386 1470 in
401 1434 430 1470 16
444 1414 567 1492 publica,
579 1415 718 1472 relevatus
734 1415 816 1471 istius
832 1432 933 1491 poena,

96 1492 293 1549 vehementius
310 1493 381 1572 vivis
398 1493 513 1569 reliquis
529 1494 712 1569 ingravescet.
757 1501 802 1551 32.
825 1493 934 1561 Quare

96 1570 229 1628 secedant
238 1571 371 1647 improbi,
380 1579 525 1629 secernant
535 1592 563 1628 66
575 1592 591 1629 6
601 1572 692 1643 bonis,
701 1592 791 1629 unum
801 1573 831 1628 in
840 1573 935 1629 locum

97 1658 314 1727 congregentur,
324 1670 406 1707 muro
422 1651 552 1728 denique,
562 1652 593 1708 id
604 1652 682 1728 quod
696 1670 779 1728 666116
793 1653 850 1708 iam
865 1652 933 1722 dixi,

97 1729 293 1787 discernantur
308 1751 326 1787 a
342 1730 441 1787 nobis:
464 1731 595 1788 desinant
611 1731 739 1788 insidiari
752 1732 852 1788 domui
869 1751 934 1788 suae

97 1809 214 1882 consuli,
231 1811 411 1868 circumstare
432 1810 556 1879 tribunal
576 1811 715 1889 praetoris
735 1811 844 1882 urbani,
863 1811 936 1867 obsi·

97 1890 163 1946 dere
177 1910 242 1947 curn
253 1890 356 1967 gladiis
370 1891 485 1962 curiam,
495 1891 642 1948 malleolos
653 1898 682 1948 et
692 1891 769 1948 faces
780 1891 816 1948 ad
827 1890 937 1962 inflam-

96 1970 231 2027 mandam
250 1971 350 2028 urbem
369 1989 548 2048 comparare:
573 1972 610 2028 sit
627 1971 750 2048 denique
765 1972 934 2047 inscriptum

97 2050 127 2106 in
141 2050 237 2108 fronte
254 2052 339 2108 unius
356 2051 492 2128 cuiusque
509 2052 629 2129 quidde
645 2071 675 2108 16
691 2051 806 2128 publica
822 2051 933 2107 sentiat.

97 2130 239 2188 Polliceor
249 2130 330 2187 vobis
341 2130 404 2201 hot,
414 2138 509 2207 patres
519 2126 681 2208 conscripti,
690 2138 799 2189 tantam
811 2132 841 2187 in
852 2130 935 2187 nobis

97 2211 260 2268 consulibus
274 2210 337 2268 fore
352 2211 538 2287 diligentiam,
551 2218 660 2269 tantam
674 2212 704 2267 in
718 2210 800 2268 vobis
817 2211 936 2267 auotori-

97 2297 194 2361 tatem,
204 2297 314 2348 tantam
325 2291 355 2347 in
370 2290 513 2369 equitibus
524 2290 661 2348 Romanis
672 2291 815 2362 virtutem,
825 2297 935 2348 tantam

97 2370 127 2427 in
142 2370 276 2427 omnibus
289 2370 373 2428 1161116
390 2371 613 2441 consensionem,
626 2377 659 2427 nt
673 2370 812 2427 Catilinae
826 2371 936 2446 profec-

96 2451 176 2508 tione
197 2451 295 2508 omuia
314 2451 459 2528 patefacta
477 2450 623 2521 illustrata,
639 2469 774 2526 oppressa
791 2449 936 2505 vindicata

97 2550 157 2587 esse
172 2531 298 2588 videatis.

139 2616 184 2668 33.
208 2609 295 2668 Hisce
310 2608 462 2681 ominibus,
473 2609 604 2679 Catilina,
614 2628 680 2665 cum
694 2627 805 2665 summa
815 2608 855 2664 rei
866 2607 936 2684 pub-

98 2688 168 2746 licae
179 2689 353 2761 salute-cum
364 2697 414 2746 tua
423 2696 503 2767 peste
518 2708 550 2746 ac
563 2689 687 2766 pernicie
701 2707 823 2764 cumque
837 2707 935 2745 eorum

61 2787 64 2791 ’
99 2769 196 2840 611116,
205 2770 254 2845 qui
269 2789 298 2826 66
312 2776 408 2827 tecum
422 2769 502 2827 omni
519 2769 620 2826 6661616
634 2768 842 2845 parricidioque
856 2768 936 2825 iunx-

99 2854 190 2919 emnt,
208 2848 385 2924 proficiscere
406 2849 443 2906 ad
462 2850 584 2925 impium
605 2847 711 2904 bellum
732 2867 764 2904 ac
785 2847 933 2904 nefarium.

98 2927 174 2985 Tum
191 2935 232 2998 tu,
248 2928 386 3005 luppiter,
403 2929 451 3005 qui
468 2929 569 2985 iisdem
587 2927 690 3003 quibus
706 2927 776 2983 haec
792 2926 859 2983 urbs
876 2945 936 2982 aus-

99 3008 181 3084 piciis
196 3027 213 3064 a
226 3007 350 3065 Romulo
365 3029 395 3065 es
409 3008 590 3077 constitutus
601 3026 686 3082 quem
697 3006 843 3063 Statorem
849 3005 943 3086 11111116

99 3087 177 3144 1111116
195 3093 281 3165 atque
298 3085 811 3166 11111161111616116111111616116,161166ι
826 3079 971 3156 emam

93 3168 187 3226 socios
201 3188 218 3226 a
232 3169 293 3227 tuis
307 3170 366 3229 aris
380 3170 550 3248 ceterisque
562 3164 704 3242 templus,
712 3160 841 3216 ateetxs
851 3147 947 3200 stiffi
969 3157 994 3178 ³
