1988 3480
86 118 133 171 148
224 117 294 168 PRO
309 117 339 168 Τ.
354 118 468 169 ANNIO
485 117 623 169 MILONE
639 117 782 170 ORATIO.

85 219 236 276 contione:
262 220 331 294 quin
353 219 440 276 etiam
465 217 504 276 M.
520 218 655 289 Favonio,
673 219 833 276 fortissimo
855 221 929 293 viro,

86 298 232 375 quaerenti
249 316 284 354 ex
300 317 335 354 eo
350 317 406 374 qua
422 318 472 375 spe
486 299 593 356 fureret
604 298 712 355 Milone
726 299 800 370 vive,
813 319 932 378 respon-

85 379 129 435 dit
143 378 239 435 triduo
254 377 334 434 illurn
349 384 398 435 aut
413 397 557 435 summum
573 379 733 455 quadriduo
747 398 807 436 esse
821 381 931 456 peritu-

85 476 165 515 rum:
188 477 272 534 quarn
288 469 387 514 vocem
405 458 465 515 eius
482 458 518 514 ad
533 458 609 515 hune
624 457 661 515 M.
673 458 813 516 Catonem
828 460 931 518 statim

86 538 227 595 Favonius
249 537 359 596 detulit.
402 538 439 595 X.
473 537 519 594 27.
538 537 658 594 Interim
673 539 741 594 'eum
762 539 847 597 seiret
864 539 930 598 Clo

85 618 283 695 dius—neque
305 618 381 675 enirn
399 623 459 674 erat
476 616 591 674 difficile
608 618 775 675 seire—iter
791 617 930 693 sollenne,

85 697 256 775 legitimum,
279 698 467 755 necessarium
496 704 561 754 ante
590 697 667 754 diem
696 717 759 755 xm.
782 697 932 758 Kalendas

87 778 251 836 Februarias
268 777 371 834 Miloni
388 797 448 834 esse
465 776 625 834 Lanuvium
647 777 684 834 ad
700 777 846 835 flaminem
864 800 931 857 pro

85 858 221 928 dandum,
235 857 313 934 quod
330 864 389 914 erat
406 856 530 914 dictator
546 857 666 914 Lanuvii
683 856 762 928 Milo,
774 857 869 916 Roma
885 880 930 918 su-

85 936 147 995 bito
161 938 223 1014 ipse
237 938 384 1012 profectus
398 937 490 1013 pridie
505 943 555 1008 est,
568 944 600 994 ut
615 944 681 994 ante
696 957 779 994 suum
793 938 930 1012 fundum,

86 1017 165 1094 quod
186 1036 215 1073 re
236 1016 413 1074 intellectum
435 1024 486 1088 est,
502 1015 603 1073 Miloni
626 1017 746 1073 insidias
767 1016 928 1078 collocaret

86 1097 184 1174 Atque
200 1097 242 1153 ita
257 1096 405 1173 profectus
424 1103 475 1167 est,
491 1104 524 1153 ut
542 1097 707 1154 contionem
724 1097 930 1171 turbulentam,

4 1172 8 1178 ’
86 1177 116 1237 in
134 1196 190 1254 qua
209 1177 269 1234 eius
285 1176 366 1233 furor
382 1176 558 1233 desideratus
578 1183 628 1247 est,
642 1196 713 1254 quae
734 1177 783 1233 illo
800 1177 864 1254 ipso
882 1179 932 1237 die

86 1256 185 1317 habita
201 1263 252 1328 est,
264 1255 443 1332 relinqueret,
456 1275 542 1333 quam
564 1257 619 1312 nisi
637 1257 715 1314 obire
732 1256 869 1314 facinoris
889 1258 932 1315 lo-

86 1356 152 1394 eum
167 1344 337 1413 tempusque
351 1336 494 1407 voluisset,
505 1355 661 1413 numquam
676 1336 842 1413 reliquisset.
881 1344 929 1397 28.

87 1415 158 1475 Milo
173 1424 269 1474 autem
283 1435 348 1474 eum
360 1417 390 1473 in
405 1423 505 1474 senatu
515 1417 619 1473 inisset
630 1435 664 1473 eo
676 1416 731 1487 die,
744 1417 840 1493 quoad
851 1437 933 1475 sena-

86 1504 134 1555 tus
148 1504 191 1555 est
205 1497 347 1567 dimissus
360 1496 478 1553 domum
493 1497 580 1567 venit,
593 1496 702 1553 ealeeos
716 1504 744 1553 et
758 1497 933 1556 vestimenta

86 1577 216 1649 mutavit,
235 1577 396 1653 paullisper,
415 1577 484 1633 dum
508 1596 537 1633 se
560 1595 639 1647 uxor,
658 1583 690 1633 ut
712 1575 753 1647 fit,
772 1585 929 1653 comparat,

87 1664 280 1716 commoratus
299 1663 350 1728 est,
363 1656 466 1714 deinde
483 1657 630 1733 profectus
652 1656 683 1712 id
699 1657 845 1733 temporis,
862 1677 930 1715 eum

86 1738 144 1795 iam
159 1735 286 1808 Clodius,
297 1737 321 1793 si
336 1737 452 1814 quidem
467 1756 501 1793 eo
516 1736 562 1794 die
573 1736 696 1793 Romam
708 1743 844 1795 venturus
858 1744 929 1808 erat,

86 1818 178 1875 redire
195 1816 343 1894 potuisset.
386 1815 432 1874 Ob
447 1816 522 1873 viam
536 1815 570 1873 fit
586 1816 613 1873 'ei
628 1816 754 1887 Clodius,
768 1815 929 1892 expeditus,

87 1898 117 1954 in
129 1917 210 1974 eque,
221 1896 300 1953 nulla
312 1896 404 1965 raeda,
415 1895 500 1952 nullis
514 1896 737 1972 impedimentis,
747 1895 832 1953 nullis
843 1895 930 1955 Grae-

87 1977 128 2034 eis
142 1975 305 2046 comitibus,
317 1981 350 2032 ut
364 1974 482 2044 solebat,
494 1975 554 2032 sine
569 1995 664 2045 uxore,
678 1975 756 2052 quod
769 1995 930 2052 numquam

87 2057 163 2114 fere:
186 2074 251 2112 eum
268 2055 316 2111 hio
337 2055 496 2125 insidiator,
513 2056 562 2132 qui
583 2056 637 2113 iter
658 2056 731 2113 illud
752 2056 789 2112 ad
811 2056 930 2114 eaedem

87 2135 248 2194 faciendam
263 2141 434 2213 apparasset‚
447 2155 513 2192 eum
527 2154 615 2192 uxore
626 2136 775 2193 veheretur
788 2135 819 2191 in
832 2137 928 2208 raeda,

87 2215 263 2292 paenulatos,
275 2234 382 2292 magno
399 2221 428 2272 et
445 2215 586 2292 impedito
608 2222 636 2272 et
655 2215 788 2273 muliebri
807 2234 839 2272 ao
859 2214 930 2273 deli-

86 2303 151 2354 oato
168 2294 332 2353 ancillarum
350 2313 560 2372 puerorumque
577 2296 723 2353 comitatu.¹
766 2300 813 2354 29.
829 2294 876 2352 Fit
890 2295 930 2352 ob

85 2377 162 2434 viam
180 2375 283 2433 Clodio
300 2382 366 2433 ante
383 2375 507 2433 fundum
529 2376 589 2433 eius
609 2375 681 2433 hora
696 2375 757 2432 fere
776 2374 930 2433 rmdeeima

87 2465 212 2515 autnon
233 2456 325 2514 multo
346 2475 434 2513 secus.
477 2455 582 2513 Statim
599 2454 759 2531 eomplu'res
781 2473 845 2511 cum
863 2453 930 2511 telis

87 2537 118 2606 in
131 2536 208 2594 hune
222 2536 334 2594 faciunt
347 2536 383 2593 de
397 2536 461 2593 loeo
479 2535 622 2612 superiore
637 2535 795 2611 impetum:
817 2533 930 2590 adversi

87 2617 246 2676 raedarium
258 2616 400 2674 oeeidunt.
434 2615 508 2672 Cum
519 2621 614 2672 autem
625 2614 672 2671 hie
684 2614 719 2671 de
730 2613 814 2671 raeda
824 2613 931 2671 reiecta

87 2696 210 2774 paenula
226 2696 386 2764 desiluisset
403 2715 489 2772 seque
506 2695 562 2752 aori
576 2695 673 2752 animo
688 2694 863 2763 defenderet,
876 2693 928 2764 illi,

89 2776 139 2853 qui
156 2783 236 2834 erant
256 2796 322 2834 oum
339 2776 450 2847 Clodia,
462 2774 565 2852 gladiis
582 2774 700 2844 eductis,
713 2774 818 2851 partim
836 2773 944 2830 reeur-'

88 2873 149 2913 rere
173 2856 210 2913 ad
233 2857 356 2927 raedam,
374 2863 407 2914 ut
421 2876 448 2913 a
471 2863 552 2932 tergo
577 2853 713 2924 Milonem
739 2852 927 2924 adorirentur,

88 2937 202 3014 partim,
216 2937 293 3012 quod
303 2936 380 2993 hune
390 2936 448 2992 iam
462 2935 645 2992 interiectum
657 2939 799 3010 put-arent,
811 2932 929 2990 caedere

88 3016 231 3095 incipiunt
248 3016 309 3072 eius
326 3034 428 3084 servos,
441 3015 490 3091 qui
507 3019 574 3090 post
590 3021 685 3070 erant:
708 3033 742 3069 ax
760 3011 863 3088 quibus
878 3012 929 3088 qui

89 3096 185 3153 animo
196 3094 274 3152 fideli
288 3095 317 3150 in
329 3094 478 3150 dominum
493 3100 522 3150 et
533 3093 673 3169 praesenti
684 3092 809 3163 fuerunt,
821 3091 929 3167 partim

77 3175 170 3229 ooer'sr'
181 3182 259 3246 sunt,
268 3175 388 3252 partim,
400 3195 466 3234 oum
478 3173 516 3232 ad
529 3173 646 3231 raedam
657 3170 932 3248 pugnariridersut,
