1988 3480
304 133 382 182 car.
399 132 487 192 vrri,
498 132 564 194 rx,
581 130 595 192 e
610 132 698 182 eoae
879 131 924 182 nr

83 231 176 289 versia
196 231 275 289 nulla
293 233 372 302 facti,
391 232 460 289 iuris
480 239 578 290 tamen
603 232 840 310 disceptationem
865 251 926 290 esse

85 311 176 369 voluit
190 320 219 369 et
236 313 262 369 ei
276 312 342 369 lecti
359 311 467 369 iudices
484 312 564 390 isque
579 319 622 370 est
635 313 815 390 praepositus
829 331 927 389 quaes-

84 392 166 461 tioni,
176 392 226 468 qui
239 392 309 448 haec
323 392 397 448 iuste
411 393 609 470 sapienterque
624 393 772 469 disceptet,
784 392 925 469 reliquum

86 478 137 543 est,
152 472 269 542 iudices,
282 479 315 529 ut
328 471 400 528 nihil
414 472 472 528 iam
490 491 622 549 quaerere
636 472 721 529 aliud'
729 472 856 529 debeatis
870 473 925 530 nisi
978 482 980 486 '

85 558 149 608 uter
169 552 227 608 utri
247 548 365 608 insidias
386 551 494 608 fecerit.
536 551 623 619 Quod
643 571 699 628 quo
716 551 829 608 facilius
845 572 927 629 argu-

85 631 190 688 mentis
211 632 371 708 perspicere
395 631 519 708 possitis,
537 651 598 688 rem
619 639 729 708 gestam
750 631 831 688 vobis
856 633 926 689 dum

51 749 54 753 ‹
85 711 208 768 breviter
222 730 344 788 expone,
356 730 470 788 quaese,
483 711 635 789 diligenter
649 711 796 770 attendite

127 796 172 848 24.
186 791 218 848 P.
228 791 348 848 Clodius
362 810 428 848 cum
443 792 588 848 statuisset
600 791 679 848 omni
691 790 793 848 scelere
807 791 837 848 in
848 810 926 869 prae-

86 876 150 927 tura
166 890 266 927 vexare
284 891 343 928 rem
360 870 504 949 publicam
522 871 687 948 videretque
704 871 745 928 ita
761 877 852 928 tracta
866 890 926 928 esse

86 950 204 1007 comitia
220 970 295 1007 anno
313 952 465 1028 superiore,
477 958 510 1008 ut
523 970 582 1009 non
599 951 706 1008 multos
722 969 834 1009 menses
847 970 927 1030 prae·

86 1036 179 1086 turam
193 1049 290 1107 gerere
301 1038 406 1108 posset,
419 1031 469 1108 qui
483 1051 540 1088 non
552 1031 669 1088 honoris
683 1031 804 1108 gradum
817 1038 926 1108 speeta-

86 1117 135 1180 rct,
152 1117 184 1167 ut
205 1111 299 1182 ceteri,
315 1112 366 1169 sed
388 1119 417 1168 et
438 1111 468 1169 L.
480 1111 613 1168 Paullum
635 1111 775 1188 collegam
800 1112 925 1188 effugere

86 1190 177 1262 vellet,
189 1190 324 1268 singulari
338 1192 444 1248 virtute
458 1192 557 1262 civem,
569 1199 599 1248 et
611 1211 720 1249 annum
731 1192 875 1268 integrum
889 1191 926 1249 ad

84 1270 294 1328 dilacerandam
309 1291 368 1328 rem
383 1271 528 1348 publicam
540 1278 694 1348 quaereret,
705 1271 800 1327 subito
811 1271 926 1349 reliquit

85 1369 192 1406 annum
204 1370 288 1406 suum
303 1370 419 1427 seseque
433 1351 463 1406 in
478 1370 584 1407 annum
596 1352 760 1427 proximum
771 1351 924 1422 transtulit,

86 1449 153 1498 non,
165 1436 198 1486 ut
212 1429 252 1500 fit,
265 1430 402 1505 religione
417 1430 519 1506 aliqua,
531 1431 582 1486 sed
592 1437 624 1487 ut
635 1430 759 1500 haberet,
772 1430 851 1506 quod
864 1431 926 1508 ipse

85 1508 208 1578 dicebat,
220 1508 257 1565 ad
267 1516 429 1585 praeturam
445 1509 605 1586 gerendam,
618 1509 673 1567 hoe
687 1517 739 1580 est,
751 1509 788 1566 ad
802 1517 927 1568 everten-

86 1588 153 1644 dam
171 1607 230 1644 rem
247 1588 400 1664 publicam,
413 1589 529 1665 plenum
546 1608 654 1645 annum
669 1595 755 1666 atque
772 1590 924 1666 integrum.

87 1674 133 1724 25.
157 1667 331 1725 Occurrebat
355 1669 381 1724 ei
406 1688 536 1725 mancam
561 1688 594 1725 ac
619 1668 742 1726 debilem
764 1678 924 1745 praeturam

86 1748 214 1804 futuram
224 1767 303 1804 suam
314 1748 552 1805 consuleMilone:
570 1768 728 1825 eumporro
738 1768 852 1806 summo
862 1769 927 1807 eon—

86 1847 171 1884 sensu
187 1828 288 1905 populi
305 1827 429 1885 Romani
446 1827 591 1885 consulem
608 1828 669 1886 ficri
686 1829 809 1886 videbat
852 1828 927 1887 Con·

86 1908 153 1965 tulit
163 1928 193 1964 sc
204 1908 312 1965 adeius
323 1909 533 1985 competitores,
544 1909 652 1981 sedita,
662 1915 754 1966 totam
770 1916 802 1967 ut
812 1910 927 1987 petitio·

86 2007 151 2045 nem
167 1989 228 2065 ipse
243 1988 319 2045 solus
336 1989 422 2045 etiam
439 1988 538 2045 inritis
552 1989 607 2045 illis
624 1989 802 2066 gubernaret,
815 1996 878 2047 tota
893 1997 927 2048 ut

85 2069 203 2125 comitia
217 2069 283 2140 suis,
295 2075 328 2126 ut
342 2068 500 2140 dictitabat,
513 2069 639 2126 humeris
655 2071 815 2128 sustineret.
850 2070 926 2128 Con·

86 2144 205 2206 vecabat
222 2148 321 2218 tribus,
333 2168 363 2205 se
380 2148 587 2224 interponebat,
600 2148 742 2206 Collinam
759 2169 863 2207 novam
885 2150 926 2207 di·

85 2227 161 2285 lectu
175 2229 433 2304 perditissimorum
451 2228 556 2284 civium
571 2229 774 2286 conscribebat.
810 2228 924 2299 Quanto

86 2308 134 2364 ille
151 2309 233 2383 plura
253 2307 398 2376 miscebat,
413 2314 495 2364 tanto
516 2307 562 2364 hic
584 2309 676 2383 magis
696 2309 726 2364 in
746 2309 807 2366 dies
826 2328 926 2366 conva-

86 2386 216 2444 lescebat
253 2386 314 2445 Ubi
328 2387 400 2443 vidit
417 2387 505 2443 bomo
525 2386 562 2443 ad
579 2406 664 2443 omne
680 2388 792 2445 facinus
809 2389 925 2464 paratis-

87 2467 176 2522 simus
192 2467 381 2522 fortissimum
398 2467 499 2537 virum,
514 2467 744 2525 inimicissimum
762 2487 853 2539 suum,
869 2487 926 2525 cer·

87 2546 230 2601 tissimum
251 2546 506 2622 consulem,idque
527 2547 668 2604 intellexit
687 2567 745 2604 non
762 2547 854 2604 solum
872 2566 926 2604 ser·
954 2614 957 2622 ⁴

87 2625 228 2695 monibus,
242 2625 291 2681 sed
308 2627 394 2682 etiam
416 2627 559 2703 suffragiis
579 2627 680 2704 populi
697 2627 820 2683 Romani
841 2646 925 2704 saepe

87 2724 147 2761 esse
164 2704 345 2774 declaratum,
357 2705 452 2782 palam
468 2725 552 2782 agere
569 2707 665 2783 coepit
679 2714 708 2763 et
722 2714 817 2784 aperte
831 2707 925 2765 dicere

87 2784 275 2840 occidendum
297 2784 441 2843 Milonem.
481 2791 527 2842 26.
546 2785 648 2842 Servos
669 2793 792 2862 agrestes
816 2793 845 2844 et
864 2785 926 2844 bar·

86 2863 178 2934 baros,
192 2864 294 2940 quibus
315 2864 398 2920 silvas
415 2865 543 2941 publicas
561 2865 750 2942 depopulatus
767 2873 827 2923 erat
843 2867 926 2923 Etru·

86 2944 214 3020 riamque
229 2949 398 3014 venerabere
412 2945 567 3021 Apennino
585 2945 748 3016 deduxerat,
760 2964 832 3022 quos
849 2946 925 3002 vide-

86 3023 169 3081 batis,
212 3023 269 3080 Res
289 3031 349 3081 erat
376 3024 496 3081 minime
521 3024 647 3082 obscura.
690 3025 805 3082 Etenim
830 3024 925 3101 palam

87 3103 237 3160 dictitabat
254 3104 433 3161 consulatum
450 3103 553 3160 Miloni
570 3105 641 3182 eripi
658 3107 722 3162 nonss
732 3105 938 3181 posses‘x‘nam

87 3203 176 3258 posse·
221 3183 399 3260 Significavit
423 3183 480 3243 boc
505 3204 595 3264 saepo
619 3186 656 3243 iu
679 3192 800 3247 senatu,
814 3179 901 3234 dnum
916 3177 964 3228 'xxx
