1988 3480
349 120 435 174 CAP.
453 121 567 182 111.-v.‚
584 119 598 180 5
612 122 685 170 6-11.
911 122 943 171 31

104 224 181 282 orbis
201 229 292 282 terrae
309 222 488 281 sanctissimo
508 221 734 300 gravissimoque
754 221 882 294 consilio,
895 223 946 300 qui

103 305 139 362 (16
156 309 255 361 666116
270 303 400 361 61661616
414 302 539 374 16161116,
553 303 602 379 qni
616 302 652 359 de
668 302 753 359 huius
767 301 845 358 urbis
859 308 944 379 atque

103 385 175 442 adeo
193 384 228 441 (16
246 382 324 440 orbis
340 390 478 440 terrarum
495 383 583 440 exitio
601 381 735 458 cogitent.
778 381 875 439 Hosoe
890 401 951 461 egov

103 465 187 521 video
199 463 298 521 consul
309 463 384 520 etde
396 462 551 539 republica
562 462 732 520 sententiam
743 481 822 538 rogo,
834 468 863 519 et
872 480 944 538 quos

103 544 179 600 ferro
196 543 333 601 trucidari
349 543 508 618 oportebat,
521 560 571 599 666
586 541 716 598 nondum
733 561 802 598 voce
816 541 941 600 vulnero.

103 623 195 681 Fuisti
216 624 304 700 igitur
325 623 402 700 apud
419 621 539 679 Laecam
555 621 605 678 1116
620 628 713 693 66616,
726 620 866 678 Catilina:
888 622 944 678 dis-

102 703 228 760 tribuisti
248 710 344 779 partes
365 701 480 760 ltaliae:
503 700 628 758 statuisti
645 720 702 778 quo
720 720 861 777 quemque
880 720 945 777 pro·

102 782 189 840 1161661
210 782 350 859 placeret:
376 781 507 859 delegisti
532 801 604 858 quos
627 779 737 838 Romae
761 781 945 857 relinquereS,

103 882 174 939 quos
188 869 283 920 tecum
298 862 448 921 educeres:
470 861 639 938 discripsisti
654 860 731 917 urbis
741 867 836 938 partes
851 859 888 917 ad
901 861 942 935 inf

102 941 218 998 cendia:
247 941 421 1000 confirmasti
445 949 475 1000 te
498 942 594 1019 ipsum
616 941 674 998 iarn
700 960 760 998 esse
783 940 942 998 exiturum:

102 1021 200 1078 dixisti
216 1022 373 1098 paullulum
391 1022 446 1080 tibi
466 1041 526 1079 6666
547 1022 633 1079 611616
651 1040 727 1078 nunc
744 1039 848 1090 morae,
865 1020 943 1096 quod

102 1120 156 1178 ego
180 1102 311 1160 viverem.
361 1101 480 1181 Reperti
508 1109 575 1159 suut
599 1101 657 1159 duo
684 1101 794 1177 equites
817 1099 945 1157 Romani

102 1181 151 1257 qui
175 1188 205 1238 16
225 1181 280 1239 1616
304 1201 372 1239 6616
390 1182 543 1240 liberarent
563 1188 592 1239 ct
618 1201 677 1238 sese
702 1181 751 1238 illa
771 1181 834 1257 ipsa
857 1186 943 1238 nocte

101 1260 197 1337 paullo
218 1268 283 1319 ante
302 1261 396 1319 lucem
417 1281 464 1319 166
483 1262 512 1318 16
533 1281 599 1318 meo
617 1260 722 1318 lectulo
741 1260 946 1317 interfecturos

102 1359 162 1398 6666
188 1341 396 1417 pollicerentur.
444 1348 489 1398 10.
512 1341 592 1398 Haec
617 1360 671 1418 ego
699 1340 804 1410 omnia,
824 1339 942 1395 vixdum

102 1420 188 1476 etiam
203 1427 287 1477 coetu
303 1428 397 1478 vostro
413 1421 539 1492 dimisso,
549 1421 691 1496 comperi:
714 1420 832 1477 domum
847 1439 942 1476 meam

102 1499 257 1556 maioribus
281 1500 429 1575 praesidiis
453 1501 563 1557 munivi
587 1507 672 1577 atque
697 1498 815 1571 firmavi,
836 1499 944 1557 exclusi
975 1563 979 1570 ¹

102 1597 159 1648 eos,
176 1598 247 1654 quos
268 1585 301 1636 tu
321 1579 358 1635 ad
380 1598 426 1636 me
451 1579 604 1636 salutatum
625 1598 708 1636 111666
732 1579 857 1649 miserae,
876 1599 941 1636 cum

102 1657 144 1714 1111
168 1658 224 1734 ipsi
248 1657 398 1729 uenissent,
420 1678 491 1736 quos
519 1677 573 1735 ego
597 1658 655 1714 1616
682 1658 781 1715 1661116
808 1678 841 1715 66
868 1678 944 1716 sum-

102 1737 157 1793 mis
181 1737 248 1794 viris
272 1737 310 1794 ad
333 1757 380 1794 me
403 1738 435 1795 id
458 1738 597 1814 temporis
621 1744 756 1795 venturos
781 1757 840 1795 6666
864 1757 944 1815 prae·

102 1817 237 1874 dixeram.
955 1827 957 1830 ’

142 1897 178 1954 V.
195 1896 274 1965 Quae
298 1900 367 1954 cnm'
388 1897 430 1955 ita
453 1897 518 1969 sint,
537 1895 668 1968 Catilina,
687 1916 774 1974 perge
799 1916 856 1975 quo
881 1917 942 1955 coc-

101 1977 186 2053 pisti:
208 1977 341 2054 egredere
362 1977 514 2055 aliquando
536 1996 570 2034 ex
591 1976 677 2034 urbe:
703 1984 804 2055 patent
824 1984 944 2054 portae:

101 2056 285 2133 proficiscere.
329 2057 460 2115 Nimium
481 2057 530 2114 diu
552 2063 581 2114 16
601 2057 803 2134 imperatorem
824 2065 875 2114 tua
894 2057 943 2114 illa

101 2136 245 2193 Manliana
259 2144 352 2195 castra
365 2137 533 2195 desiderant.
575 2136 657 2194 Educ
671 2144 767 2195 tecum
782 2137 868 2195 etiam
883 2156 943 2194 om-

102 2236 152 2273 ncs
168 2224 242 2288 tuos,
262 2217 285 2275 si
307 2218 411 2287 minue,
430 2236 515 2295 quam
536 2216 692 2293 plurimos:
721 2236 812 2294 purga
832 2217 940 2275 urbem.

101 2296 209 2373 Magno
230 2317 276 2355 me
297 2304 376 2354 metu
397 2297 537 2368 liberabis,
553 2297 624 2354 dum
640 2296 729 2353 modo
746 2297 821 2354 inter
839 2316 885 2354 me
903 2304 943 2354 at·

21 2431 24 2437 .
103 2396 157 2453 qne
171 2383 200 2434 te
214 2396 312 2433 murus
323 2377 441 2434 intersit.
478 2377 637 2434 Nobiscum
648 2377 752 2434 versari
766 2377 823 2433 1616
834 2377 943 2434 diutins

101 2475 160 2512 non
177 2463 276 2532 potes:
294 2476 358 2513 -non
375 2457 474 2527 feram,
486 2475 546 2513 non
559 2457 661 2533 patiar,
673 2475 733 2512 non
751 2456 850 2513 sinam.
896 2462 941 2512 11.

102 2535 208 2611 Magna
221 2536 265 2592 dis
280 2536 490 2593 immortalibus
503 2536 634 2594 habenda
648 2542 691 2593 est
705 2542 791 2611 atque
805 2535 872 2592 huie
887 2536 942 2612 ipsi

102 2614 164 2671 Iovi
178 2615 294 2687 Statori,
307 2616 504 2692 antiquissimo
520 2616 632 2672 custodi
643 2615 728 2672 huius
742 2614 828 2686 urbis,
841 2616 942 2691 gratia,

103 2694 182 2769 quod
198 2694 271 2751 hano
288 2702 347 2752 tam
368 2703 497 2765 taetram,
510 2702 570 2752 tam
585 2695 752 2752 horribilem
768 2702 886 2772 tamque
903 2695 944 2751 in-

102 2773 207 2830 festam
228 2775 268 2830 rei
288 2775 418 2851 publicae
438 2783 548 2852 pestem
570 2776 676 2832 totiens
696 2775 754 2832 1661
779 2776 941 2853 effugimus

103 2852 170 2915 Neri
185 2859 228 2910 est
242 2855 353 2930 saepius
367 2856 396 2912 in
411 2875 469 2912 uno
482 2855 600 2912 homine
617 2875 729 2912 summa
746 2856 819 2913 salus
834 2855 944 2933 pericli-

102 2932 191 2990 tanda
208 2933 248 2989 rei
265 2934 402 3009 publicae.
446 2935 606 3002 Quamdiu
627 2935 699 2991 mihi
721 2936 831 2992 consuli
852 2936 943 3011 desig-

102 3020 179 3083 nato,
192 3012 323 3084 Catilina,
339 3014 490 3071 insidiatus
511 3034 548 3086 66,
564 3034 623 3071 666
640 3014 756 3090 publico
778 3033 823 3070 me
840 3015 944 3093 praesi-=

103 3092 160 3164 dio,
177 3092 227 3150 sed
245 3093 359 3172 privata
376 3094 533 3173 diligentia
549 3094 684 3152 11616611.
722 3091 811 3143 Qum
820 3087 977 3154 uxorem

98 3174 228 3236 comitiis
242 3176 453 3238 consularibus
463 3195 519 3236 me
531 3172 693 3234 6666111661
698 3168 744 3222 'm
754 3173 869 3224 eumue
878 3156 916 3200 ⁹⁴³⁴
920 3161 989 3196 Ψ
