1988 3480
97 119 146 166 208
243 113 313 163 PRO
330 112 425 164 REGE
442 111 625 162 DEIOTARO
641 111 796 165 ORATIO.

98 237 159 275 cem
177 216 358 274 subornavit:
380 214 470 291 finget
485 214 618 272 videlicet
634 214 760 293 aliquod
777 218 897 277 crimen
913 239 956 278 ve·

98 299 172 354 0001.
216 296 276 353 Etsi
298 317 315 353 0
336 296 453 353 veritate
470 295 673 372 longe,tamen
694 314 713 352 a
735 301 954 357 consuetudine

98 376 266 433 criminandi
289 395 347 432 non
367 375 490 432 multum
511 394 555 432 res
575 373 760 434 abhorrebat
809 384 861 436 18.
879 379 952 448 Quid

98 457 135 513 uit
157 456 302 512 1001110001
343 455 421 512 Nihil
440 454 476 511 de
492 470 608 511 venene.
651 453 695 510 At
711 455 746 512 id
764 455 832 514 fieri
852 460 950 536 potnit

97 536 222 614 primurn
248 535 387 592 occultius
411 535 440 590 10
464 535 583 611 potione
606 533 651 590 vel
675 533 705 590 in
728 535 819 594 cibo:
849 538 951 596 deinde

99 616 185 673 etium
200 616 346 693 impunius
363 613 403 684 fit,
415 614 493 690 quod
506 633 571 670 eum
586 612 767 686 estfactum,
781 618 889 693 negari
904 637 951 695 po

97 704 162 753 test.
205 695 235 751 Si
253 695 346 772 palam
366 701 395 751 te
414 693 610 763 interemisset,
624 693 758 750 omnium
779 695 811 752 in
834 716 867 754 se
886 717 951 775 gen·

100 777 172 833 tium
190 794 247 831 non
269 774 360 831 solum
379 774 452 843 odia,
465 773 515 829 sed
532 773 617 829 etiam
639 791 718 829 arma
734 777 948 834 convertisset:

99 856 122 911 si
135 873 251 924 veneno,
262 853 338 910 loris
353 853 428 909 111100
442 852 557 929 quidem
573 851 723 929 hospitalis
737 872 854 914 numen
870 876 950 914 num·

100 953 183 1010 quum
214 932 303 990 celare
332 933 480 1009 potuisset,
502 931 634 989 homines
661 931 788 991 fortasse
818 936 947 994 celasset

98 1012 184 1081 Quod
207 1013 295 1085 igitur
317 1022 345 1069 ct
368 1012 463 1069 conari
486 1011 624 1069 occultius
647 1018 676 1070 et
698 1011 814 1072 efficere
836 1017 948 1074 cautius

99 1093 203 1170 potuit,
217 1091 246 1148 id
260 1091 321 1162 tibi,
333 1098 361 1148 et
375 1091 487 1148 medico
501 1091 604 1148 callido
618 1097 647 1148 et
661 1110 751 1162 servo,
765 1101 800 1150 01
815 1095 946 1171 putabat,

99 1172 184 1243 fideli,
201 1191 258 1228 nou
280 1171 418 1228 eredidit:
442 1172 477 1228 de
499 1172 592 1242 armis,
613 1171 648 1228 de
669 1170 755 1242 ferre,
773 1172 812 1230 de
833 1174 948 1232 insidiis

100 1252 189 1310 celare
206 1261 235 1309 te
251 1252 362 1309 noluitl
404 1257 449 1308 19.
465 1250 507 1308 At
524 1270 608 1327 quam
626 1251 729 1308 festive
750 1253 865 1329 crimen
884 1274 948 1312 eon-

99 1334 222 1390 texitur!
263 1332 326 1389 Tua
341 1339 378 1402 10,
391 1331 492 1406 iuquit,
506 1330 613 1400 eadem,
626 1350 697 1405 quae
718 1349 815 1408 saepe,
828 1333 948 1392 fortuna

100 1413 237 1469 servavit:
259 1412 398 1487 negavisti
410 1419 471 1467 tum
483 1417 512 1467 te
523 1410 660 1486 inspicere
671 1408 751 1467 velle.
786 1411 858 1470 VII.
870 1413 947 1482 Quid

100 1494 218 1568 posteat
238 1511 274 1548 an
288 1491 442 1548 Deiotarus
458 1510 515 1560 rex,
527 1489 576 1546 illo
590 1496 720 1566 tempore
737 1509 798 1547 non
816 1493 948 1569 perfecta

100 1591 138 1642 re,
157 1571 294 1628 continuo
315 1570 425 1627 dimisit
447 1569 621 1626 exereitum?
656 1568 760 1627 Nullus
784 1578 849 1629 erat
874 1573 948 1630 alius

100 1650 255 1708 insidiandi
272 1651 368 1708 locust
409 1650 450 1707 At
467 1649 568 1707 eodem
585 1656 622 1720 10,
635 1668 700 1705 cum
722 1651 896 1723 cenavisses,
908 1672 948 1710 re

100 1729 605 1807 (11101010(11κο0001100001001011.
648 1728 760 1785 Horam
780 1748 873 1787 unam
898 1738 948 1789 aut

101 1810 171 1867 duas
192 1811 293 1867 eodem
313 1810 377 1866 loco
397 1815 574 1879 0110010001
590 1808 721 1865 collocati
740 1808 868 1882 fuerant,
881 1812 948 1870 reti-

100 1909 166 1946 nere
188 1909 324 1965 magnum
347 1890 423 1946 fuitl
464 1889 538 1945 Cum
562 1889 593 1944 in
615 1888 746 1946 convivio
769 1891 896 1948 comiter
919 1897 949 1950 et

100 1969 222 2024 iucunde
239 1969 350 2037 fuisses,
365 1975 428 2024 tum
449 1967 516 2024 illuc
536 1969 593 2039 isti,
609 1976 641 2025 ut
662 1967 779 2024 dixeras.
825 1968 894 2038 Quo
916 1972 948 2028 in

100 2047 164 2103 loco
181 2047 349 2102 Deiotarum
367 2046 453 2105 talem
471 2065 538 2122 erga
551 2054 580 2102 te
597 2047 765 2124 cognovisti,
779 2048 874 2124 qualis
896 2047 947 2108 rex

100 2125 216 2182 Attalus
237 2125 266 2181 in
287 2125 319 2182 P.
331 2125 501 2182 Africanum
518 2127 583 2196 fuit,
596 2128 642 2183 cui
658 2125 948 2203 magnificentissima

101 2205 184 2276 dona,
202 2211 235 2262 ut
263 2205 401 2283 scriptum
429 2204 558 2281 legimus,
576 2225 666 2282 usque
690 2206 726 2262 ad
751 2205 947 2266 Numantiam

100 2285 180 2342 misit
200 2305 234 2342 cx
254 2285 333 2355 Asia,
349 2304 420 2362 quac
440 2285 595 2342 Africanus
615 2287 793 2362 inspectante
814 2289 947 2347 exercitu

101 2366 217 2443 aceepit.
254 2364 338 2433 Quod
350 2384 415 2422 cum
430 2384 562 2442 praesens
576 2365 729 2422 Deiotarus
742 2365 822 2440 regio
838 2374 869 2424 et
883 2369 947 2425 ani·

101 2465 149 2501 mo
164 2454 193 2503 et
207 2465 285 2502 more
300 2445 421 2516 fecisset,
431 2452 463 2502 tu
477 2445 507 2500 10
519 2444 680 2501 cubiculum
692 2444 855 2502 discessisti.
894 2453 944 2520 20.

101 2525 235 2597 Obsecro,
251 2526 361 2596 Caesar,
379 2531 475 2602 repete
499 2523 575 2580 illius
598 2525 736 2600 temporis
760 2527 945 2600 memoriam,

101 2624 176 2680 pone
193 2605 273 2662 illum
291 2612 356 2662 ante
374 2605 470 2661 oculos
484 2605 568 2674 diem,
581 2603 676 2660 vultus
689 2604 840 2664 homiuum
856 2611 887 2662 te
902 2607 947 2663 in-

101 2685 244 2740 tuentium
261 2691 345 2761 atque
360 2684 562 2740 admirantium
577 2683 730 2740 recordare.
773 2682 851 2740 Num
869 2704 945 2762 quae
984 2701 985 2704 ’

7 2794 13 2807 ·
101 2762 274 2839 trepidatio?
298 2783 368 2819 num
385 2764 434 2840 qui
451 2762 609 2819 tumultusl
633 2781 703 2818 num
721 2763 791 2839 quid
806 2763 863 2819 nisi
881 2783 945 2822 mo-

102 2843 207 2913 derate,
219 2843 275 2899 0101
287 2843 389 2919 quiete,
401 2843 456 2898 nisi
468 2862 501 2899 ex
512 2842 637 2899 hominis
648 2843 808 2919 gravissimi
822 2849 945 2901 010000-

101 2923 206 2979 tissimi
230 2922 400 2998 disciplinal
440 2921 517 2989 Quid
541 2922 629 2997 igitur
656 2941 755 2979 causae
783 2923 943 2998 excogitari

93 3006 198 3079 ‘potest
215 3008 309 3059 curte
328 3001 419 3058 lotum
436 3001 565 3070 voluerit,
578 3008 710 3057 cenatum
726 3001 851 3057 nolucrit
868 3003 943 3059 occi·

103 3082 187 3140 derel
222 3088 267 3139 21.
281 3081 314 3138 10
324 3088 478 3158 posterum,
489 3080 591 3156 iuquit,
602 3081 679 3136 diem
690 3080 809 3150 distulit,
822 3087 862 3150 ut,
873 3099 941 3137 cum

102 3161 132 3217 in
149 3161 296 3218 castellum
313 3160 415 3216 Peium
433 3166 550 3217 ventum
568 3166 650 3229 00001,
661 3159 703 3215 ibi
719 3160 846 3230 cogitata
858 3160 940 3227 perti·

698 3414 818 3432 *n
828 3427 831 3431 .
