1988 3480
76 116 123 168 128
232 117 303 168 PRO
319 117 459 168 ARCHIA
476 117 594 168 POETA
604 117 751 168 ORATIO.

75 220 152 277 hunc
168 225 314 296 petentem
330 218 523 296 repudiasset:
546 237 630 294 quem
652 237 704 274 nos
724 219 755 274 in
776 222 912 276 contione

75 299 207 369 vidimus,
218 318 283 355 curn
298 298 324 355 ei
334 297 462 354 libellum
476 297 568 354 malus
581 304 670 374 poeta
681 298 716 354 de
726 299 834 375 populo
849 299 913 354 sab-

75 378 194 448 iecisset,
213 377 291 454 quod
313 378 490 454 epigramma
511 378 541 434 in
566 397 631 434 eum
654 377 768 434 fecisset
789 385 914 434 tantum·
939 394 945 402 ·

76 458 163 528 modo
181 457 296 514 alternis
310 457 436 514 versibus
450 456 643 534 longiusculis,
656 458 753 514 statim
770 477 804 514 ex
821 458 856 513 iis
873 477 914 514 re-

75 537 137 608 bus,
150 557 219 614 quas
240 544 302 595 tum
319 537 467 609 vendebat,
483 537 579 594 iubere
600 537 627 594 ei
647 537 806 613 praemium
825 537 913 594 tribui

76 617 128 674 sub
148 637 182 674 ea
205 618 381 688 condicione,
397 637 433 675 ne
458 618 528 695 quid
548 624 649 693 postea
673 617 813 674 scriberet.
856 616 913 684 Qui

75 697 257 755 sedulitatem
274 696 342 754 mali
361 705 464 774 poetae
482 697 595 753 duxerit
611 697 707 773 aliquo
723 704 819 753 tamen
836 716 914 772 prae·

75 778 135 834 mio
150 777 275 854 dignam,
288 777 373 834 huius
386 778 534 853 ingenium
551 784 579 833 et
594 778 728 833 virtutem
745 777 775 832 in
793 776 914 833 scriben-

76 857 114 914 do
132 864 160 914 et
177 858 289 933 copiam
307 876 365 913 non
383 856 552 932 expetisset?
594 861 640 912 26.
660 854 755 923 Quid?
776 876 792 912 a
809 855 842 924 Q.
856 856 914 912 Me-

75 936 144 992 tello
159 936 221 1006 Pio,
234 935 456 992 familiarissimo
474 955 533 1005 suc,
547 935 596 1010 qui
613 936 727 992 civitate
744 936 850 992 multos
865 937 914 993 do-

76 1016 162 1085 navit,
175 1034 267 1091 neque
277 1022 368 1090 perse
382 1033 473 1090 neque
485 1034 535 1090 per
546 1013 678 1070 Lucullos
690 1015 913 1090 impetravisset?

77 1095 126 1172 qui
137 1095 303 1170 praesertim
317 1113 406 1169 usqne
421 1113 455 1150 eo
470 1094 505 1150 de
519 1095 577 1149 suis
591 1093 675 1149 rebus
689 1094 773 1150 scribi
788 1102 911 1169 cuperet,

77 1180 110 1231 ut
123 1174 210 1231 etiam
224 1172 374 1230 Cordubae
391 1174 465 1229 natis
481 1173 585 1249 poetis,
597 1173 704 1249 pingue
719 1173 855 1249 quiddam
871 1192 913 1229 so-

77 1254 211 1311 nantibus
227 1261 312 1329 atque
327 1252 518 1329 peregrinum,
530 1259 627 1309 tamen
649 1272 729 1309 aures
750 1272 813 1308 suas
830 1252 914 1309 dede-

77 1341 128 1392 ret.
169 1333 222 1390 XI.
239 1333 339 1409 Neque
354 1332 431 1388 enim
448 1338 491 1389 est
507 1332 562 1389 hoc
577 1332 821 1402 dissimulandum,
835 1332 913 1409 quod

77 1413 220 1470 obscurari
238 1431 296 1469 non
312 1418 416 1488 potest,
432 1412 482 1468 sed
498 1431 565 1489 prae
585 1412 669 1469 nobis
685 1412 843 1483 ferendum,
859 1419 914 1468 tra-

76 1493 173 1550 himur
190 1512 288 1549 omues
305 1491 401 1549 studio
418 1490 510 1549 laudis
531 1499 560 1549 et
577 1493 703 1569 optimus
720 1492 839 1569 quisque
856 1511 914 1548 ma·

77 1573 153 1629 xime
169 1571 260 1648 gloria
276 1572 397 1629 ducitur.
440 1571 500 1649 Ipsi
518 1571 560 1628 illi
576 1571 741 1648 philosophi
758 1573 843 1629 etiam
858 1572 913 1628 illis

76 1651 187 1722 libellis,
200 1671 272 1728 quos
286 1652 322 1709 de
336 1652 547 1709 contemnenda
556 1652 647 1728 gloria
661 1651 795 1722 scribunt,
808 1671 913 1709 nomen

77 1752 161 1789 suum
175 1732 349 1789 inscribunt:
371 1733 402 1789 in
419 1751 453 1789 eo
470 1732 541 1808 ipsc,
554 1732 584 1787 in
602 1751 658 1807 quo
672 1732 913 1808 praedicationem

77 1812 313 1888 nobilitatemque
328 1812 497 1889 despiciunt,
510 1810 664 1888 praedicari
682 1811 717 1867 de
734 1831 763 1868 se
778 1831 809 1867 ac
824 1812 914 1867 nomi-

77 1893 138 1950 nari
155 1892 263 1949 volunt.
306 1892 352 1948 27.
368 1891 506 1948 Decimus
523 1890 640 1966 quidem
654 1890 769 1960 Brutus,
786 1910 913 1946 summus

77 1973 121 2029 vir
144 1979 173 2028 et
193 1972 356 2048 imperator,
375 1970 465 2041 Accii,
484 1970 649 2026 amicissimi
670 1969 721 2040 sni,
741 1970 914 2025 carminibus

77 2052 249 2128 templorum
265 2070 296 2107 ac
310 2056 563 2107 monumentorum
580 2049 674 2106 aditus
684 2049 835 2105 'exornavit
852 2068 914 2105 suo-

77 2150 148 2188 rum.
192 2130 253 2186 Iam
268 2149 334 2187 vero
350 2129 406 2200 ille,
422 2130 471 2206 qui
488 2148 553 2186 curn
568 2128 680 2186 Aetolis
696 2128 791 2185 Ennio
808 2129 914 2186 comite

77 2209 200 2281 bellavit,
211 2210 335 2280 Fulvius,
346 2228 406 2266 non
420 2208 563 2266 dubitavit
577 2207 677 2265 Martis
690 2208 839 2265 manubias
853 2209 915 2265 Mu-

78 2290 116 2346 sis
127 2309 296 2347 consecrare.
329 2288 431 2358 Quare
442 2289 473 2345 in
484 2308 541 2366 qua
551 2288 620 2345 urbe
630 2288 814 2364 imperatores
824 2308 914 2366 prope

77 2370 179 2426 armati
195 2376 347 2446 poetarum
363 2387 469 2426 nornen
486 2376 515 2426 ct
531 2368 676 2425 Musamm
691 2367 808 2425 delubra
824 2368 916 2425 colue-

77 2455 152 2520 runt,
165 2449 194 2504 in
209 2467 242 2505 ca
258 2467 316 2505 non
331 2448 436 2506 debent
449 2449 542 2525 togati
556 2448 664 2505 iudices
678 2447 850 2504 aMusarnm
864 2447 916 2504 ho

78 2547 147 2585 nore
161 2535 190 2585 et
204 2547 221 2584 a
233 2534 384 2604 poetamm
399 2528 489 2586 salute
503 2528 660 2585 abhorrere.

119 2613 165 2664 28.
180 2606 279 2684 Atque
299 2614 332 2665 ut
350 2608 381 2664 id
397 2608 532 2665 libentius
552 2607 672 2677 faciatis,
687 2607 745 2663 iam
761 2626 808 2663 me
824 2606 914 2677 vobis,

77 2687 194 2757 iudices
210 2686 343 2744 indicabo
360 2693 389 2744 ct
409 2688 445 2744 de
462 2706 527 2744 meo
549 2687 672 2764 quodam
694 2705 790 2743 amore
809 2686 915 2762 gloriae

78 2767 164 2823 nimis
182 2767 239 2824 acri
255 2767 383 2838 fortasse,
395 2786 493 2824 verum
508 2773 604 2823 tamen
618 2766 740 2823 honesto
755 2765 836 2823 vobis
851 2784 916 2822 con-

78 2846 187 2905 fitebor.
231 2847 305 2904 Nam
325 2866 394 2924 quas
411 2865 455 2903 res
471 2866 524 2903 nos
540 2847 569 2902 in
587 2845 736 2902 consulatu
752 2852 851 2902 nostro
868 2864 916 2901 vo-

78 2926 189 2984 biscum
211 2927 294 2984 simul
312 2946 364 3003 pro
386 2925 475 2983 salute
496 2925 581 2982 huius
602 2925 679 2982 urbis
700 2932 785 3002 atque
802 2925 916 3001 imperii

79 3015 108 3064 et
124 3027 176 3084 pro
191 3008 250 3064 vita
266 3007 372 3063 civium
389 3025 499 3083 proque
516 3006 646 3061 universa
659 3024 689 3061 re
703 3005 818 3080 publica
831 3005 916 3079 gessi-

77 3106 151 3156 mus,
163 3087 261 3163 attigit
271 3086 318 3143 hic
328 3085 456 3142 versibus
470 3091 555 3160 atque
570 3084 730 3141 inchoavit:
753 3084 856 3160 quibus
870 3102 916 3139 aa·

63 3163 142 3230 m'trs,
158 3166 241 3239 qnod
254 3165 329 3222 milri
344 3184 452 3243 magna
465 3183 510 3222 res
524 3171 553 3221 et
566 3163 690 3220 iucunda
703 3163 764 3218 visa
777 3169 827 3229 est,
840 3161 916 3218 hunc
