1988 3480
248 125 327 176 cnr.
343 125 573 188 xxrv.-xxvr.‚
590 124 708 184 §ee-70.
854 127 899 174 ree

58 234 140 286 tenta
163 231 238 298 sunt,
256 245 361 303 magna
384 226 415 282 in
434 225 490 283 hoe
513 232 588 283 certe
609 226 652 283 vis
673 232 702 283 et
722 225 899 284 incredibilis

58 309 171 365 animus
185 314 214 363 et
224 325 283 362 non
297 305 386 363 unius
395 306 448 362 viri
458 306 531 363 vires
546 312 631 383 atque
642 325 712 383 opes
725 305 896 379 iudicantur,

58 388 83 445 si
95 387 210 464 quidem
220 386 251 442 in
261 384 338 441 huuc
349 404 438 442 uuum
450 391 479 442 et
488 386 748 462 praestantissimus
760 385 818 443 dux
829 386 899 444 elec-

57 474 106 524 tus
120 473 149 542 et
162 473 225 522 tota
237 485 282 523 res
295 464 411 542 publica
423 472 533 522 armata
546 473 596 523 est.
634 471 679 522 68.
693 465 750 522 Sed
762 467 825 542 quis
838 486 897 524 non

58 545 194 622 iutelligit
211 564 310 602 omnes
326 543 381 601 tibi
395 545 435 602 rei
449 545 579 621 publicae
595 552 690 621 partes
707 564 804 622 aegras
818 555 847 603 et
861 546 898 604 la-

58 625 167 695 bantes,
179 631 213 682 ut
229 644 276 682 eas
291 624 337 681 his
358 625 444 681 armis
461 644 573 681 sanares
590 631 619 681 ct
635 623 824 697 confirmares,
837 646 897 684 essc

56 705 243 762 commissas?
284 703 370 773 Quod
387 704 411 760 si
425 703 504 761 loeus
521 703 624 761 Miloni
640 704 724 761 datus
741 711 822 774 esset,
834 726 898 782 pro

57 784 152 842 basset
162 784 293 861 profecto
304 783 433 861 tibiipsi,
446 784 590 842 neminem
601 803 738 861 umquam
749 784 896 852 homiuem

59 864 170 925 homini
184 865 320 922 cariorem
331 864 420 921 fuisse
431 883 517 941 quam
531 871 561 921 te
576 864 647 921 sibi:
668 864 778 921 nullum
793 884 823 922 se
837 885 897 921 um-

56 964 145 1020 quam
160 944 318 1021 periculum
334 963 387 1021 pro
401 950 452 1000 tua
467 944 609 1020 dignitate
625 945 742 1021 fugisse,
755 964 820 1002 cum
835 945 897 1022 ipsa

59 1023 106 1084 ula
116 1024 278 1082 taeterrima
287 1030 367 1100 peste
382 1043 411 1081 se
425 1024 589 1100 saepissime
599 1044 652 1101 pro
667 1033 717 1081 tua
727 1025 818 1102 gloria
832 1045 897 1082 con-

58 1103 199 1162 tendisse:
222 1104 400 1161 tribunatum
418 1123 501 1161 suum
518 1104 692 1162 adsalutem
710 1125 811 1174 meam,
825 1124 896 1182 quae

58 1183 111 1241 tibi
128 1184 272 1241 carissima
288 1184 399 1255 fuisset,
412 1184 537 1241 consiliis
558 1185 616 1241 tuis
636 1184 845 1261 gubernatum:
867 1205 897 1242 se

57 1271 116 1328 ate
131 1271 231 1340 postea
244 1264 396 1321 defensum
410 1264 439 1320 in
455 1263 581 1340 periculo
598 1265 708 1341 capitis,
721 1265 851 1321 adiutum
866 1265 896 1320 in

56 1344 197 1421 petitione
214 1352 379 1420 praeturae:
401 1344 474 1400 duos
491 1363 520 1400 se
536 1342 640 1400 habere
660 1363 772 1420 semper
788 1344 898 1400 amicis·

58 1424 146 1480 simos
167 1442 301 1499 sperasse,
318 1430 347 1480 te
367 1430 419 1480 tuo
440 1422 586 1493 benefici0,
604 1442 650 1479 me
672 1443 730 1480 suo.
773 1422 852 1491 Quae
874 1424 897 1480 si

58 1521 117 1559 non
134 1501 276 1578 probaret,
292 1503 317 1558 si
333 1502 387 1559 tibi
404 1503 445 1558 ita
462 1503 577 1578 penitus
595 1502 763 1560 inhaesisset
779 1503 834 1559 ista
854 1523 898 1559 su-

56 1581 156 1657 spitio,
166 1581 246 1638 nullo
257 1589 289 1638 ut
304 1582 385 1639 evelli
396 1581 484 1637 modo
498 1588 603 1656 posset,
614 1582 638 1638 si
649 1582 773 1658 denique
784 1582 868 1638 Italia
881 1602 898 1638 a

57 1661 174 1731 dilectu,
187 1660 254 1717 urbs
271 1661 306 1717 ab
323 1662 409 1718 armis
426 1661 486 1717 siue
504 1661 620 1717 Milonis
641 1661 720 1718 clade
741 1681 896 1738 numquam

58 1748 134 1798 esset
147 1741 341 1817 conquietura,
354 1761 390 1798 ne
407 1740 454 1798 ille
468 1740 546 1797 baud
561 1741 695 1798 dubitans
709 1741 837 1798 cessisset
851 1761 899 1818 pa·

36 1842 38 1847 ·
57 1821 122 1891 tria,
134 1821 159 1878 is
177 1821 226 1898 qui
242 1821 283 1877 ita
298 1827 383 1878 natus
399 1827 443 1878 est
461 1821 548 1878 etita
567 1821 722 1891 consuevit,
734 1828 771 1892 te,
784 1821 896 1897 Magne,

58 1908 157 1958 tamen
171 1907 366 1973 antestaretur,
379 1900 456 1978 quod
470 1920 546 1958 nunc
561 1901 648 1958 etiam
662 1901 740 1958 facit.
782 1901 896 1959 XXVI.

58 1987 107 2039 69.
123 1981 200 2040 Vide
218 1981 359 2058 quamsit
378 1981 456 2038 varia
472 1981 547 2038 vitae
568 1981 837 2058 commutabilisque
857 2001 900 2038 ra·

58 2061 110 2133 tio,
123 2081 208 2139 quam
220 2081 292 2138 vaga
302 2061 492 2138 volubilisque
505 2060 630 2132 fortuna,
644 2068 765 2138 quantae
780 2060 899 2118 infideli·
921 2129 926 2138 ,

57 2148 132 2199 tates
146 2143 176 2199 in
191 2142 297 2213 amicis,
309 2160 394 2218 quam
412 2141 448 2197 ad
463 2148 577 2217 tempus
594 2148 677 2217 aptae
694 2141 897 2211 simulationes,

59 2229 182 2298 quantae
198 2223 229 2278 iu
246 2221 378 2297 periculis
394 2221 480 2297 fugae
501 2221 706 2297 proximorum,
723 2228 844 2297 quantae
865 2221 900 2277 ti·
981 2229 985 2235 '

59 2302 213 2358 miditates.
256 2301 327 2371 Erit,
339 2301 393 2357 erit
406 2300 478 2357 illud
499 2301 631 2377 profecto
652 2308 766 2376 tempus
785 2307 814 2357 et
838 2300 899 2357 illu-

58 2388 152 2437 cescet
163 2379 316 2456 aliquando
325 2380 372 2437 ille
381 2380 450 2451 dies,
459 2399 524 2436 cum
535 2386 567 2437 tu
579 2379 755 2451 salutaribus,
764 2387 797 2436 ut
807 2400 897 2456 spere,
924 2399 928 2408 ·

60 2460 145 2517 rebus
169 2460 235 2530 tuis,
256 2459 306 2516 sod
329 2460 451 2516 fortasse
474 2466 557 2517 motu
581 2459 677 2536 aliquo
703 2460 898 2515 communium

62 2546 233 2615 temporum,
246 2540 393 2616 quiquam
408 2539 506 2596 erebro
521 2539 631 2595 accidat
645 2539 753 2614 experti
769 2538 839 2594 scire
854 2539 900 2594 dc-

62 2619 170 2689 bemus
189 2625 218 2675 et
245 2619 410 2676 amicissimi
433 2618 663 2675 benevolentiam
688 2625 717 2675 et
740 2618 900 2694 gravissimi

62 2698 188 2754 hominis
198 2697 285 2756 fidem
296 2706 325 2756 et
338 2699 423 2756 unius
433 2705 500 2774 post
510 2698 642 2755 homines
652 2705 736 2755 natos
749 2697 900 2755 fortissimi

62 2778 116 2834 viri
129 2778 358 2854 magnitudinem
372 2778 462 2835 animi
473 2777 623 2835 desideres.
661 2777 706 2834 70.
719 2777 900 2854 eramquam

60 2858 127 2934 quis
142 2857 198 2914 hoe
217 2858 321 2928 eredat,
337 2858 388 2915 Cn.
399 2857 581 2934 Pompeium,
594 2858 663 2914 iuris
681 2857 798 2934 publici,
813 2856 901 2914 moris

62 2939 212 3009 maiorum,
224 2938 264 2994 rei
279 2938 401 3015 denique
415 2937 546 3014 publicae
560 2937 773 3013 peritissimum,
785 2956 850 2994 cum
862 2957 902 2994 se·

62 3026 146 3074 natus
161 3018 187 3074 ei
199 3018 381 3088 commiserit,
391 3025 425 3074 ut
435 3018 545 3075 videret
559 3037 598 3073 us
615 3037 686 3080 oum
703 3035 758 3073 sss
773 3035 901 3074 roselon

63 3099 247 3155 nusaiunusr
259 3116 411 3155 clausus:
434 3116 491 3176 quo
502 3117 560 3154 uno
572 3096 717 3153 versiculo
727 3097 805 3149 satas
811 3092 928 3145 amab

61 3163 954 3256 samperconsulesfueruntetiamsuallisassistetis*-mm
