1988 3480
241 515 286 576 M.
307 513 454 578 TULLII
481 512 714 574 CICERONIS

60 669 105 746 Ill
137 671 175 746 M.
196 670 432 747 ANTONIUM
461 669 621 745 ORATIO
650 667 898 744 PHILIPPICA

287 795 463 884 QUARTA
495 792 673 868 DECIMA.

359 973 598 984 ————-

307 1087 648 1136 ARGUMENTUM.

90 1186 164 1247 Quod
183 1187 220 1234 M.
231 1185 320 1234 Cicero
337 1199 395 1232 cum
411 1200 484 1246 saepe
501 1192 559 1232 ante
577 1193 630 1232 tum
647 1183 758 1232 oratione
774 1185 899 1246 superiore

57 1253 112 1314 ipsa
123 1252 186 1300 effici
197 1250 316 1309 voluerat,
328 1258 356 1296 ut
368 1264 426 1297 cum
440 1251 477 1298 M.
485 1249 598 1297 Autoqu
610 1249 660 1296 iam
672 1249 747 1296 armis
760 1264 798 1297 res
809 1250 900 1297 transi-

58 1326 165 1377 geretur,
175 1330 253 1377 nuper
265 1323 318 1362 erat
329 1329 356 1362 re
364 1329 423 1362 vem
431 1314 532 1362 factum.
562 1313 611 1362 Sed
620 1329 677 1361 cum
689 1313 732 1362 ille
743 1315 776 1363 A.
787 1314 899 1362 Hirtium

58 1391 84 1430 et
99 1383 128 1430 C.
140 1381 273 1429 Caesarem
287 1379 476 1439 adolescentem,
489 1395 504 1426 a
519 1380 609 1442 quibus
627 1393 688 1441 quas
705 1379 753 1426 illis
770 1379 899 1428 obtulisset

15 1466 19 1472 ·
58 1446 216 1495 condiciones
224 1454 296 1494 erant
304 1444 455 1506 repudiatae,
465 1459 479 1492 e
490 1445 577 1492 castris
586 1444 636 1492 suis
644 1444 767 1492 elicuisset
776 1459 825 1492 non
839 1446 898 1493 sutis

59 1521 158 1574 paratos
174 1525 266 1573 eosque
279 1510 327 1558 levi
340 1512 423 1572 pugna
440 1509 570 1568 reIecIsset,
580 1509 633 1558 eIus
647 1509 722 1557 umIci
736 1509 831 1557 Romae
844 1510 899 1557 vul-

59 1585 178 1636 gaverunt
190 1577 222 1624 A.
232 1575 343 1623 Hirtium
355 1585 380 1624 et
392 1576 420 1624 C.
431 1575 564 1623 Caesarem
575 1575 641 1622 Iusta
652 1589 735 1636 pugna
745 1589 799 1623 esse
810 1576 895 1631 victos,

60 1652 112 1689 tum
129 1642 164 1688 M.
173 1641 320 1690 Ciceronem
335 1641 410 1688 minis
427 1640 533 1688 atrocius
550 1641 669 1701 persecuti
683 1648 761 1689 erant.
798 1641 899 1688 Interea

60 1707 167 1755 Romam
180 1706 282 1754 nuntius
299 1707 331 1754 de
344 1705 437 1768 proelio
448 1705 480 1754 ad
495 1706 620 1753 Mutinam
634 1706 699 1754 inter
713 1706 750 1754 M.
758 1705 898 1754 Antoniam

59 1784 85 1820 et
98 1773 162 1820 inter
176 1773 208 1820 A.
219 1771 333 1819 Hirtium
347 1771 375 1820 C.
384 1771 494 1819 Pansam
508 1786 571 1819 coss.
582 1772 610 1820 C.
619 1771 753 1819 Caesarem
769 1787 814 1833 pro
828 1786 897 1833 prae-

59 1845 112 1885 tore
123 1853 146 1886 a.
157 1837 181 1886 d.
192 1837 281 1886 XVII.
292 1837 350 1884 Kal.
361 1837 443 1884 Maias
459 1836 601 1897 commisso,
612 1836 638 1883 iu
655 1852 706 1899 quo
723 1836 760 1885 M.
772 1838 897 1884 Antonius

58 1912 111 1952 erat
123 1903 207 1962 victus,
218 1912 272 1951 erat
285 1902 390 1951 adlatus.
404 1903 440 1950 M.
450 1901 526 1961 igitur
540 1901 666 1951 Cornutus
677 1910 776 1964 praetor
790 1903 897 1951 urbanus

58 1984 80 2016 a.
92 1968 116 2016 d.
128 1969 161 2016 X.
169 1967 297 2017 Kalendas
309 1967 391 2015 Maias
408 1967 504 2015 litteras
517 1968 551 2016 A.
562 1967 640 2016 Hirtii
657 1982 671 2016 e
689 1967 718 2016 C.
729 1969 827 2022 Pansae
843 1983 898 2016 cas-

58 2033 102 2080 tris
114 2034 145 2082 de
156 2034 251 2095 proelio
264 2034 332 2081 facto
345 2033 434 2080 missas
448 2032 472 2079 in
487 2041 575 2081 senatu
589 2033 703 2080 recitavit
714 2041 739 2081 et
752 2033 783 2081 de
797 2033 898 2082 honori·

58 2099 104 2145 bus
119 2099 211 2147 ducum
229 2107 254 2145 et
271 2098 388 2159 pruemIIs
406 2097 514 2145 militum
530 2098 633 2147 rettulit.
671 2098 720 2158 Qui
736 2098 773 2147 M.
784 2099 897 2147 Antonio

59 2163 175 2210 favebant
186 2164 279 2210 bellum
290 2163 390 2209 finitum
401 2176 455 2209 esse
466 2163 564 2210 alebant
578 2172 603 2210 et
612 2178 672 2222 saga
683 2164 830 2225 deponenda
841 2180 897 2212 ceu-

60 2227 155 2276 sebant.
191 2228 259 2285 Quos
273 2236 360 2275 contra
375 2227 410 2275 M.
422 2226 510 2274 Cicero
523 2227 578 2286 hac,
589 2241 653 2289 quae
666 2228 732 2275 iufra
745 2229 837 2290 scripta
849 2239 896 2289 eat,

60 2292 172 2340 oratIoue
186 2292 221 2340 M.
232 2292 372 2339 Antonium
383 2300 409 2339 et
422 2291 537 2354 reliquos,
547 2293 589 2353 qui
601 2307 658 2340 cum
672 2308 701 2340 eo
715 2302 804 2353 essent,
815 2294 899 2342 hostes

60 2357 155 2420 patriae
166 2356 311 2404 iudicandos
323 2357 451 2405 contendit
462 2365 487 2404 et
499 2358 653 2418 amplissIma
662 2373 774 2420 quaeque
785 2359 812 2407 in
823 2359 899 2407 duces

60 2432 86 2471 et
97 2422 196 2482 milites,
208 2423 249 2485 qni
262 2437 315 2469 rem
325 2422 451 2484 publicum
462 2421 639 2484 defendissent,
648 2423 766 2472 decernit.
841 2451 843 2455 ν

102 2556 124 2613 Ι.
158 2562 182 2614 1.
201 2557 241 2627 si,
253 2563 286 2613 ut
302 2576 337 2614 ex
353 2557 465 2628 litteris,
477 2576 548 2634 quae
564 2557 697 2615 recitatae
719 2563 793 2629 suut,
805 2564 900 2635 patres

62 2637 223 2712 conscripti,
236 2637 516 2694 sceleratissimorum
530 2637 657 2694 hostium
672 2637 826 2695 exercitum
841 2658 901 2695 cae-

62 2736 127 2772 sum
138 2716 292 2792 iusumque
303 2717 434 2793 cognovi,
444 2717 484 2773 sic
495 2717 533 2788 id,
544 2716 622 2793 quod
631 2723 659 2774 et
668 2737 767 2775 omues
776 2719 900 2776 maxime

62 2802 195 2873 optamus
209 2803 238 2854 et
249 2815 283 2853 ex
297 2815 330 2853 ea
340 2796 466 2867 victoria,
477 2815 548 2873 quae
559 2803 641 2872 parta
654 2803 704 2867 est,
715 2803 900 2855 consecutum

62 2875 240 2946 arbitramur,
254 2875 291 2933 D.
307 2875 431 2933 Brutum
456 2895 600 2952 egressum
624 2876 681 2933 iam
704 2876 817 2934 Mutina
840 2897 900 2935 esse

62 2955 267 3032 cognovissem,
280 2962 398 3033 propter
418 2955 498 3014 ouius
514 2954 673 3033 periculum
691 2956 729 3014 ad
747 2976 815 3034 saga
835 2958 901 3015 isse·

61 3055 134 3107 mus,
146 3042 265 3113 propter
280 3035 408 3093 eiusdem
425 3035 549 3095 salutem
561 3034 754 3095 redeundum
765 3033 924 3106 adunam-

57 3132 127 3172 num
138 3115 275 3174 vestitum
289 3115 353 3178 sine
365 3116 430 3178 ulla
441 3114 639 3179 dubitatione
644 3126 823 3175 *neumam-
865 3102 953 3156 iffi
