1988 3480
71 120 87 166 4
180 117 230 166 DE
246 115 399 166 IMPERIO
416 115 470 165 CN.
484 114 636 166 POMPEII
653 114 795 167 ORATIO.

71 219 182 276 versari.
226 224 251 274 8.
270 217 384 274 Etenim
406 216 500 274 adhuc
516 217 558 274 ita
577 217 669 274 nostri
688 235 753 273 cum
774 216 824 274 illo
841 236 908 295 rega

71 297 280 356 contenderunt
296 297 490 374 imperatores,
506 303 539 354 ιιι
555 295 592 354 ab
608 296 658 353 illo
678 296 802 372 insignia
820 298 909 354 victo-

72 378 137 449 riae,
147 396 205 434 non
216 377 365 433 victoriam
375 383 560 452 reportarent.
592 375 792 453 Triumphavit
805 375 836 433 L.
847 377 909 433 Sul·

71 458 106 529 la,
118 456 306 532 triumphavit
323 455 353 512 L.
364 456 483 513 Murena
499 455 535 513 de
552 455 726 526 Mithridate,
738 456 796 512 duo
813 456 909 513 fortis

72 537 137 594 simi
148 537 201 593 viri
215 542 244 593 et
255 535 359 592 summi
372 535 565 612 imperatores,
575 535 625 592 sed
636 536 677 592 ita
686 535 907 613 triumpharunt,
939 587 940 593 ,

71 624 104 673 ut
119 616 165 673 ille
179 615 277 693 pulsus
292 623 495 692 superatusque
512 622 649 691 regnaret.
685 614 908 683 Verumtamen

71 697 127 753 illis
144 694 364 772 imperatoribus
380 695 441 752 laus
457 701 501 752 est
517 693 669 752 tribuenda
685 695 763 771 quod
780 702 908 771 egerunt,
937 732 942 741 ·

72 777 154 832 venia
168 775 262 832 danda
276 775 354 866 quod
368 775 550 851 reliquerunt,
562 779 713 851 propterea
730 774 807 851 quod
821 775 857 831 ab
874 795 909 832 eo

72 855 146 912 bello
164 853 296 912 Sullam
289 873 319 911 m
337 853 449 946 ltaliam
468 872 513 911 res
532 853 654 930 publica,
666 854 815 912 Murenam
832 854 912 911 Sulla

72 934 222 991 revocavit.

112 1013 165 1071 IV
209 1019 235 1071 9.
254 1013 434 1071 Mithridates
454 1019 550 1070 autem
573 1031 658 1070 omne
678 1012 819 1090 reliquum
840 1020 911 1071 tem-

72 1113 127 1170 pus
140 1112 199 1150 non
214 1093 250 1150 ad
264 1093 439 1150 oblivionem
452 1093 555 1150 veteris
568 1092 643 1165 belli,
655 1093 706 1150 sed
719 1094 756 1151 ad
766 1113 911 1170 compara-

72 1174 182 1230 tionem
209 1173 278 1231 novi
305 1173 445 1230 contulit:
475 1173 523 1249 qui
549 1181 657 1250 postea,
677 1193 744 1231 cum
770 1174 911 1231 maximas

72 1253 248 1311 aedificasset
263 1260 444 1331 ornassetque
459 1253 560 1310 classes
574 1254 768 1345 exercitusque
781 1272 911 1330 permag-

73 1352 126 1391 nos
140 1333 366 1410 quibuscumque
380 1353 414 1390 ex
424 1332 559 1410 gentibus
569 1334 709 1409 potuisset
719 1340 911 1430 comparasset

73 1420 102 1470 et
119 1433 148 1471 se
165 1412 341 1490 Bosporanis
356 1412 488 1470 finitimis
504 1413 563 1469 suis
579 1412 684 1470 bellum
700 1409 847 1470 infame
825 1432 911 1469 simu-

73 1493 143 1550 laret
131 1500 253 1569 tueque
267 1493 298 1549 in
312 1492 483 1570 Hispaniam
493 1488 603 1570 legatos
615 1512 648 1550 ac
661 1493 708 1551 litt
696 1498 770 1551 teras
783 1493 863 1551 misit
873 1493 911 1550 ad

73 1592 122 1630 eos
146 1572 241 1644 duces,
259 1571 430 1664 quibuscum
453 1580 517 1631 tum
543 1573 648 1630 bellum
674 1573 850 1650 gerebamus,
868 1580 909 1644 ut,

73 1672 139 1710 cum
159 1652 295 1710 duobus
287 1671 318 1708 ιιι
334 1652 404 1710 locis
422 1653 652 1710 disiunctissimis
670 1653 851 1744 maximeque
870 1652 912 1710 di·

73 1734 161 1790 versis
170 1752 228 1790 uno
240 1731 359 1789 consilio
369 1752 385 1789 a
395 1733 470 1789 binis
480 1732 555 1789 host
535 1739 608 1788 tium
619 1733 710 1807 copiis
719 1732 826 1790 bellum
837 1739 913 1790 terra

73 1813 202 1903 marique
218 1817 369 1901 gereretur,
385 1831 436 1867 vos
452 1812 560 1886 ancipit
561 1811 571 1866 i
588 1812 772 1867 contentione
789 1813 846 1867 dist
834 1813 912 1867 tricti

74 1892 131 1948 de'
124 1890 245 1966 1mperio
260 1889 416 1946 dimicaret
396 1896 440 1946 ι.ιιι
478 1895 523 1945 10.
540 1888 603 1944 Sed
610 1895 707 1945 tamen
722 1889 837 1953 alterius
850 1909 912 1966 par-

74 1971 112 2028 tis
132 1968 299 2046 periculum,
311 1967 489 2026 Sertorianae
510 1974 595 2044 atque
616 1968 823 2045 Hispaniensis,
840 1988 912 2046 quae

74 2049 166 2106 multo
181 2048 246 2125 plus
259 2047 428 2105 firmament'
408 2055 431 2105 ιι
448 2067 480 2104 ac
494 2048 603 2105 roboris
620 2048 751 2122 habebat,
763 2049 815 2107 Cn.
826 2050 913 2107 Pom-

74 2129 133 2206 peii
156 2128 255 2184 divino
279 2128 399 2185 consilio
423 2147 455 2185 ac
480 2128 616 2206 singulari
636 2128 741 2186 virtute
761 2129 912 2207 depulsum

75 2215 135 2266 est:
156 2208 187 2264 in
204 2207 292 2279 altera
307 2215 424 2284 partet
402 2208 411 2265 i
425 2227 442 2265 a
457 2227 502 2266 res
519 2228 536 2266 a
549 2208 579 2267 L
590 2209 709 2267 Lucullo
723 2229 836 2267 summo
850 2209 913 2266 viro

75 2296 119 2346 est
129 2275 334 2358 administrata,
346 2294 380 2345 ut
393 2288 475 2346 initia
488 2288 536 2346 illa
545 2308 640 2346 rerum
654 2295 797 2365 gestarum
808 2308 914 2382 magna

76 2375 161 2445 tque
175 2365 318 2444 praeclara
333 2386 392 2423 non
412 2367 543 2425 felicitati
564 2368 632 2438 eius,
651 2368 701 2424 sed
721 2369 817 2426 virtut
809 2389 827 2441 i,
796 2368 913 2426 thaee

76 2455 173 2505 autem
189 2454 323 2517 extrema,
340 2465 411 2523 quac
427 2466 518 2525 nuper
538 2412 709 2518 acciderunt,
725 2467 783 2504 non
804 2449 912 2524 culpae,

77 2528 127 2585 sed
145 2528 278 2584 fortunae
294 2526 446 2584 tribuenda
462 2546 522 2584 esse
535 2527 650 2584 videant
638 2534 692 2584 ι.ιιι
735 2527 792 2601 Sed
807 2528 843 2585 de
860 2527 913 2584 Lu-

77 2607 151 2664 cullo
166 2607 259 2665 dicam
274 2606 330 2665 alio
340 2607 404 2664 loeo
419 2607 484 2665 etti
472 2606 609 2664 tdicama
611 2607 764 2680 ,Quirites
776 2613 808 2663 ut
822 2626 914 2684 neque

47 2717 49 2720 >
77 2706 143 2744 vera
152 2686 250 2744 laus
227 2706 253 2743 e1
268 2687 376 2744 detract
364 2694 394 2744 ta
408 2687 536 2744 oratione
550 2706 614 2765 mea
627 2706 719 2780 neque
730 2686 802 2742 falsa
812 2686 915 2744 adficta

78 2786 137 2823 esse
151 2767 296 2823 videatur:
321 2773 366 2824 11.
382 2768 418 2824 de
435 2768 520 2825 vestri
538 2767 651 2843 imperii
668 2767 808 2859 dignitate
828 2773 913 2843 atque

78 2846 176 2922 gloria,
189 2846 324 2939 quoniam
339 2847 363 2903 is
380 2854 423 2904 est
439 2867 555 2905 exorsus
570 2847 706 2904 orationis
720 2866 807 2917 meae,
819 2846 914 2903 videte

80 2945 164 3002 quem
178 2926 260 2983 vobis
274 2927 402 2983 animum
417 2927 629 3004 suscipiendum
643 2927 757 3002 putetis

119 3006 155 3063 V.
172 3005 294 3064 Maiores
311 3007 402 3064 nostri
419 3026 501 3083 saepe
518 3006 722 3064 mercatoribus
738 3012 787 3063 aut
803 3005 915 3062 navicu-

79 3086 155 3143 lariis
165 3087 270 3144 nostris
284 3086 447 3143 iniuriosius
459 3087 588 3160 tractatis
598 3085 672 3144 bella
684 3092 846 3164 gesserunt:
865 3103 917 3139 vos

68 3170 116 3218 tot
135 3165 257 3224 milibus
277 3167 385 3225 civium
407 3166 608 3228 Romanorum
629 3186 689 3226 uno
707 3166 811 3224 nuntio
831 3170 918 3234 atque
