1988 3480
418 103 684 172 nuaunnr'ruuu,
926 125 972 174 ret

132 227 273 268 extractum
287 235 348 269 esse.
379 220 496 280 Virgines
513 235 610 284 quoque
624 220 738 269 Albanae
752 221 873 271 dixerunt
886 221 972 270 mulie-

92 316 94 321 ·
133 301 187 335 rem
205 286 316 346 ignotam
333 285 429 332 venisse
448 285 480 333 ad
498 301 532 346 se,
547 301 610 348 quae
626 286 728 334 Milonis
748 287 869 334 mandatu
885 297 970 335 votum

132 352 246 411 solveret,
259 351 324 412 quod
340 351 441 399 Clodius
458 351 553 399 occisus
566 360 639 400 esset.
676 352 787 400 Ultimae
801 352 971 400 testimoninm

132 417 251 464 dixerunt
264 416 416 477 Sempronia,
429 415 547 463 Tuditani
559 417 618 476 iilia,
631 431 714 464 socrus
726 418 756 464 P.
767 417 856 477 Clodii,
869 427 893 465 et
907 433 971 464 uxor

132 483 229 542 Fulvia,
239 491 264 529 et
276 481 336 528 fletu
350 496 394 528 suo
406 497 497 540 magno
511 497 584 543 opere
596 497 646 541 eos,
656 482 697 543 qui
709 482 848 541 adstabant,
861 498 970 530 commo-

131 560 228 596 verunt.
265 547 376 594 Dimisso
388 547 454 593 circa
466 546 552 593 horam
565 546 687 594 decimam
699 547 789 594 iudicio
801 548 831 595 Τ.
842 547 971 596 Munatius

131 629 178 676 pro
189 612 302 660 contione
314 611 431 674 populum
443 611 589 659 adhortatus
601 620 646 671 est,
656 620 683 659 ut
694 620 792 674 postero
804 612 843 659 die
855 612 970 674 frequens

131 679 229 726 adesset
243 687 268 726 et
282 677 345 725 elabi
362 677 480 724 Milouem
500 691 549 723 nou
563 685 696 738 pateretur,
707 677 873 739 iudiciumque
887 689 912 725 et
927 679 971 725 do-

131 744 209 792 lorem
221 759 292 790 snum
306 743 445 790 ostenderet
456 742 571 802 euntibus
582 742 613 790 ad
628 742 744 790 tabellam
756 742 889 790 ferendam.
922 743 971 791 Po-

131 818 199 856 stero
211 809 257 867 die,
269 809 312 871 qui
322 809 368 856 fuit
381 808 464 855 iudicii
479 823 590 855 summus
608 824 629 855 a.
641 807 665 856 d.
676 808 726 856 Ill.
734 807 772 856 Id.
784 808 891 869 Apriles,
904 808 971 856 clau·

130 889 174 921 sae
184 875 283 921 fuerunt
296 882 348 921 totu
360 874 419 921 urbe
432 874 555 933 tabernae,
568 873 690 935 praesidia
701 874 727 920 in
738 873 792 921 foro
803 882 828 920 et
840 873 906 920 circa
917 888 970 922 om·

133 955 175 987 nes
185 940 230 986 fori
240 939 320 986 aditus
328 939 463 1002 Pompeius
475 939 601 1001 disposuit,
613 940 664 1001 ipse
674 954 718 1000 pro
730 939 832 997 aeraria,
843 947 871 986 ut
880 938 967 1000 pridie,

131 1005 243 1052 consedit
266 1015 365 1066 saeptus
388 1005 482 1053 delecta
504 1020 579 1052 manu
603 1005 719 1053 militum.
757 1004 858 1053 Sortitio
880 1005 970 1053 deinde

131 1070 239 1117 iudicum
256 1085 271 1118 a
288 1071 368 1133 primo
385 1071 425 1119 die
439 1071 506 1119 facta
522 1079 575 1119 est:
594 1082 650 1132 post
664 1079 762 1118 tantum
776 1070 901 1118 silentium
918 1079 970 1118 tote

131 1136 183 1183 foro
195 1136 248 1196 fuit,
259 1144 379 1198 quantum
391 1151 445 1184 esse
456 1137 482 1184 in
493 1136 577 1199 aliquo
588 1137 642 1184 foro
651 1144 741 1198 posset.
773 1136 838 1182 'l'am
850 1135 916 1183 intra
926 1135 970 1183 ho-

130 1216 183 1248 rum
196 1202 328 1249 secundam
340 1210 493 1249 accusatores
505 1211 636 1263 coeperunt
648 1200 737 1260 dicere,
749 1201 844 1262 Appius
856 1201 935 1248 maior
946 1208 971 1249 et

131 1267 167 1314 M.
178 1267 304 1316 Antonius
321 1275 346 1314 et
360 1268 389 1316 P.
400 1267 515 1314 Valerius
529 1267 640 1330 Neposn·
658 1267 705 1316 Usi
720 1275 777 1314 sunt
788 1281 822 1313 ex
836 1266 889 1325 lege
904 1266 970 1314 horis

130 1331 233 1378 duabus.

163 1396 300 1457 Respondit
311 1396 340 1443 iis
353 1412 416 1443 unus
428 1397 464 1443 M.
476 1396 579 1444 Cicero:
599 1405 624 1445 et
636 1412 692 1444 cum
706 1395 853 1458 quibusdam
864 1395 970 1457 placuis-

130 1470 168 1508 set
178 1462 213 1508 ita
224 1461 322 1508 defendi
334 1462 434 1521 crimen,
446 1461 551 1508 interfici
561 1462 678 1510 Clodium
688 1477 732 1523 pro
740 1476 767 1508 re
776 1461 875 1522 publica
883 1460 967 1520 fuisse,

130 1541 207 1587 quam
217 1525 322 1573 formam
332 1527 368 1574 M.
376 1527 469 1573 Brutus
479 1535 577 1573 secutus
589 1536 626 1574 est
638 1528 664 1573 in
673 1542 702 1574 ea
712 1527 831 1586 oratione,
841 1541 916 1587 quam
925 1541 970 1587 pro

132 1591 227 1638 Milone
246 1591 384 1652 composuit
401 1600 426 1638 et
443 1591 528 1651 edidit,
543 1592 614 1652 quasi
631 1592 729 1652 egisset,
744 1591 858 1639 Ciceroni
876 1591 902 1639 id
919 1605 969 1640 non

130 1656 231 1717 placuit,
243 1656 309 1717 quod
321 1671 379 1716 non,
390 1656 431 1717 qui
443 1656 508 1703 bono
520 1656 617 1718 publico
629 1657 749 1715 damnari,
761 1657 828 1704 idem
840 1657 915 1704 etiarn
928 1671 970 1704 oc-

130 1721 179 1767 cidi
194 1721 351 1768 indemnatus
364 1730 454 1783 posset.
491 1722 580 1783 Itaque
594 1737 650 1769 cum
663 1721 766 1768 insidias
777 1722 898 1769 Milonem
912 1721 969 1770 Clo·

130 1786 172 1833 dio
186 1786 271 1834 fecisse
284 1787 422 1848 posuissent
436 1795 599 1847 accusatores,
612 1787 670 1849 quia
683 1787 772 1834 fulsum
786 1788 812 1835 id
824 1797 969 1836 erat—nam

130 1851 193 1899 forte
205 1851 247 1898 illa
258 1852 315 1899 rixa
327 1852 458 1899 commissa
469 1852 589 1912 fuer·nt——,
601 1853 688 1901 Cicero
700 1852 861 1914 apprehendit
873 1861 898 1902 et
910 1868 969 1901 con·

131 1925 169 1964 tra
189 1917 305 1966 Clodium
323 1917 413 1964 Miloni
433 1917 520 1964 fecisse
540 1917 640 1966 insidias
660 1918 804 1983 disputarit,
819 1933 899 1982 eoque
916 1929 969 1968 tots

129 1983 209 2030 oratio
222 1983 274 2030 eius
286 1982 413 2044 spectarit.
451 1983 500 2031 Sed
512 1983 547 2030 ita
558 1983 677 2043 constitit,
688 1993 715 2030 ut
727 1983 845 2043 diximus,
856 1985 968 2032 neutrius

128 2048 231 2096 consilio
245 2056 381 2110 pugnatum
395 2063 448 2096 esse
462 2063 492 2096 eo
505 2048 552 2108 die,
562 2063 647 2096 verum
661 2049 684 2097 ei
696 2048 759 2096 forte
773 2048 922 2096 occurrisse:
942 2058 968 2097 et

128 2127 161 2160 ex
173 2113 229 2161 rixa
240 2129 366 2161 servorum
378 2113 411 2161 ad
422 2114 522 2160 caedem
532 2124 685 2174 perventum.
716 2114 811 2161 Notum
820 2123 905 2162 tumen
914 2123 968 2163 erat

129 2189 262 2241 utrumque
274 2187 380 2226 mortem
392 2178 464 2226 alteri
473 2193 545 2240 suepe
556 2180 678 2227 minatum
691 2193 751 2239 esse,
762 2191 787 2228 et
796 2180 859 2227 sicut
869 2194 967 2243 suspec-

129 2252 183 2291 tum
196 2245 318 2291 Milonem
331 2243 410 2291 maior
423 2259 498 2306 quam
516 2244 597 2292 Clodii
613 2244 707 2291 familia
720 2244 834 2305 faciebat,
844 2245 880 2294 ita
893 2260 968 2308 expe-

129 2309 204 2355 ditior
224 2318 249 2356 et
263 2309 372 2370 paratior
392 2309 423 2356 ad
440 2325 549 2371 pugnam
570 2309 747 2357 Clodianorum
768 2326 845 2372 quam
864 2311 967 2358 Milonis

129 2373 216 2420 fuerat.
254 2374 412 2420 Cicerocum
426 2374 545 2436 inciperet
559 2374 648 2435 dicere,
659 2385 776 2436 exceptus
793 2385 831 2422 est
845 2377 967 2424 acclama

129 2439 196 2485 tione
206 2438 390 2499 Clodianorum,
401 2440 443 2501 qui
455 2455 481 2487 se
492 2439 617 2487 continere
629 2454 660 2486 ne
671 2449 739 2487 metu
749 2441 848 2502 quidem
862 2442 968 2488 circum-

128 2503 248 2550 stantium
270 2504 378 2551 militum
400 2512 541 2565 potueruut.
578 2505 667 2566 ltaque
690 2520 740 2552 uon
760 2520 858 2567 ea,qua
881 2505 968 2553 solitus

129 2577 190 2629 erat,
204 2570 344 2616 constantia
364 2569 448 2618 disits
473 2569 560 2616 Manet
580 2578 664 2618 autem
681 2570 724 2617 illa
743 2585 840 2632 quoque
862 2581 968 2632 exceptu

128 2634 181 2680 eius
195 2636 280 2682 oratio.
319 2635 422 2696 Scripsit
433 2650 491 2682 uero
504 2635 575 2695 lianc,
588 2651 663 2698 quam
675 2635 787 2696 legimus,
799 2636 835 2683 ita
848 2636 964 2698 perfecte,

130 2708 157 2745 ut
168 2700 220 2746 iure
232 2701 311 2761 prima
322 2700 407 2748 haberi
418 2700 502 2763 possit.

162 2814 322 2862 EIUSDEM
339 2815 370 2874 Q.
384 2816 529 2865 ASCONII
547 2817 698 2864 PEDIANI
717 2815 814 2864 HAEC
832 2816 931 2866 SUNT.

162 2895 267 2942 Peracta
283 2896 407 2958 utrimque
420 2912 495 2944 causa
512 2897 601 2956 singuli
619 2899 707 2959 quinos
725 2907 853 2945 accusator
869 2908 894 2946 et
912 2913 968 2946 reus

129 2969 262 3021 senatores
273 2961 378 3009 totidem
391 2963 485 3024 equites
496 2973 521 3009 et
533 2963 644 3009 tribunos
656 2964 763 3010 aerarios
776 2965 919 3024 reiecerunt,
931 2965 967 3012 ita

128 3037 156 3073 ut
172 3041 235 3072 unus
252 3036 277 3074 et
294 3025 324 3074 L.
339 3027 474 3075 sententias
491 3027 598 3075 tulerint.
636 3029 767 3077 Senatores
787 3029 967 3077 condemnare-

128 3100 185 3138 ruut
197 3091 512 3151 xtt.,at›s01vemntvt.:
532 3093 626 3154 equites
638 3093 977 3146 condemnarertiutlkllk„

127 3156 285 3206 absolverunt
298 3157 345 3207 IV.
357 3175 363 3206 ε
383 3157 477 3208 tribuni
487 3158 581 3209 aerarii
591 3153 981 3208 eontemaasexaasmx-„w
