1988 3480
103 127 149 175 168
240 123 308 174 PRO
325 123 356 173 T.
373 123 487 172 ANNlO
504 121 642 172 MILONE
659 121 802 172 ORATIO.

101 234 130 283 et
145 244 250 302 magno
268 224 365 281 animo
382 231 411 279 et
428 223 549 280 libenter
564 222 666 281 fecisse
684 243 713 280 se
727 223 872 287 libertatis
887 245 950 284 om-

101 307 182 362 nium
203 323 294 374 eausa,
311 303 389 380 quod
410 310 482 359 esset
503 303 529 360 ei
551 322 608 359 non
631 302 825 360 confitendum
844 307 947 378 modo,

100 404 200 442 verum
215 384 301 441 etiam
315 382 546 459 praedicandum.
589 382 687 439 XXX.
723 388 768 440 81.
785 382 907 441 Etenim
923 386 947 444 si

100 464 131 522 id
148 484 207 520 non
224 471 317 539 negat,
333 483 367 520 ex
389 482 446 540 qno
463 462 534 519 nihil
556 463 630 539 petit
646 463 701 519 nisi
718 470 751 519 ut
767 463 945 539 ignoscatur,

101 543 245 601 dubitaret
262 543 292 600 id
308 542 401 613 fateri,
414 562 448 599 cx
469 562 525 619 quo
543 543 629 599 etiam
647 543 773 619 praemia
789 541 885 600 laudis
905 564 946 602 es-

101 631 164 682 sent
180 622 322 700 petendal
342 623 481 679 nisivero
498 622 606 697 gratius
623 629 706 698 putat
723 641 783 679 csse
797 622 882 679 vobis
900 625 946 682 sui

101 724 130 761 se
147 703 249 779 capitis
267 722 351 779 quam
370 702 455 758 vestri
472 702 651 758 defensorem
669 702 766 772 fuisse,
777 721 844 758 curu
863 722 945 779 prae-

101 784 198 841 sertim
210 784 238 839 in
251 801 283 838 ca
294 782 480 850 confessione,
494 781 517 836 si
531 781 604 856 grati
620 801 679 838 esse
691 781 806 851 velletis,
817 780 945 841 honores

100 864 302 939 adsequeretur
313 861 510 937 amplissimos.
547 860 578 916 Si
592 861 701 916 factum
713 860 793 918 vobis
807 880 866 917 nou
878 882 944 938 pro-

101 942 427 1017 baretur-quamquam
449 941 498 1017 qni
516 947 627 1016 poterat
645 940 718 997 salus
735 959 785 997 sua
805 941 943 1018 cuiquam

100 1040 159 1077 non
181 1020 295 1097 probari
304 1020 404 1076 l-scd
425 1027 521 1076 tamen
546 1020 568 1075 si
591 1020 687 1077 minus
710 1019 862 1077 fortissimi
888 1022 943 1080 viri

100 1101 190 1157 virtus
214 1098 323 1156 civibus
347 1106 428 1176 gratu
448 1099 604 1167 cecidisset,
622 1118 728 1175 magno
752 1100 850 1156 animo
875 1120 943 1158 con·

100 1180 244 1257 stantique
258 1179 370 1236 cederet
385 1199 419 1236 cx
434 1179 546 1255 ingrata
559 1178 682 1235 civitate.
725 1178 799 1235 Nam
815 1180 888 1257 quid
902 1201 945 1239 esu

99 1267 143 1317 set
157 1259 296 1336 ingratius
311 1279 395 1336 quam
410 1259 507 1316 laetari
518 1266 633 1327 ceteros,
647 1258 741 1335 lugere
756 1279 822 1316 eum
837 1260 941 1335 solum,

99 1347 218 1416 propter
242 1358 327 1416 quem
352 1339 437 1396 ceteri
463 1338 651 1396 laetarenturl
694 1345 739 1397 82.
758 1339 943 1416 Quamquam

100 1419 155 1476 hoc
169 1419 265 1476 animo
280 1438 392 1495 semper
408 1437 507 1474 omnes
520 1417 629 1474 fuimus
643 1419 673 1474 in
688 1419 795 1495 patriae
812 1421 943 1495 prodito-

100 1498 178 1555 ribus
199 1498 403 1576 opprimendis,
418 1505 459 1568 ut,
475 1498 609 1574 quoniam
631 1505 728 1554 nostra
748 1499 847 1555 futura
867 1509 943 1558 essct

98 1579 198 1655 gloria,
210 1578 368 1656 periculum
387 1596 500 1654 quoque
517 1584 546 1634 et
563 1577 699 1633 invidiam
718 1584 845 1634 nostram
859 1587 943 1655 puta·

100 1679 202 1716 remus,
245 1658 320 1716 Nam
343 1677 414 1736 quae
435 1656 507 1714 mihi
527 1657 583 1732 ipsi
603 1656 756 1714 tribuenda
776 1656 837 1714 laus
856 1666 940 1730 esset,

99 1758 166 1795 cum
182 1747 295 1796 tantum
312 1740 342 1796 in
359 1737 508 1795 consulatu
529 1755 594 1793 mco
615 1755 667 1812 pro
688 1736 770 1793 vobis
791 1757 824 1794 ac
843 1736 942 1796 liberis

99 1819 200 1875 vestris
219 1838 303 1875 ausus
322 1837 420 1888 essem,
433 1817 457 1874 si
476 1817 514 1888 id,
528 1815 605 1893 quod
624 1816 755 1888 conabar,
770 1817 831 1873 sine
852 1819 942 1875 maxi·

99 1899 155 1954 mis
166 1897 398 1954 dimicationibus
412 1897 483 1953 meis
497 1915 543 1953 mc
555 1915 614 1953 esse
625 1915 759 1953 ausurum
770 1895 942 1956 arbitrarcrl

98 1976 178 2044 Quae
193 1977 295 2033 mulier
311 1976 477 2033 sceleratum
494 1996 526 2033 ac
543 1976 734 2052 perniciosum
748 1977 840 2032 civem
855 1976 942 2034 iuter·

99 2056 181 2112 ficere
198 2074 256 2111 non
274 2056 398 2125 auderet,
411 2056 434 2112 si
452 2056 609 2132 periculum
624 2056 829 2112 nontimcrctl
870 2055 942 2113 Pro-

99 2135 194 2214 posita
215 2135 330 2204 invidia,
342 2142 443 2206 morte,
455 2154 548 2212 poena
565 2135 614 2211 qui
633 2134 724 2192 nihilo
744 2135 860 2211 segnius
878 2155 942 2192 rem

99 2214 242 2293 publicam
260 2215 399 2284 defendit,
411 2215 436 2270 is
450 2214 493 2271 vir
506 2233 570 2271 vere
585 2215 729 2291 putandus
746 2222 796 2272 est.
832 2215 941 2292 Populi

98 2295 173 2371 grati
185 2302 227 2351 est
241 2295 375 2371 praemiis
389 2293 508 2351 adficere
519 2293 591 2351 bene
605 2295 723 2352 meritos
736 2294 772 2351 de
782 2313 812 2351 re
822 2293 943 2370 publica

98 2375 182 2445 cives
194 2375 247 2431 viri
264 2375 348 2431 fortis
365 2393 400 2430 nc
417 2373 564 2450 suppliciis
582 2374 697 2451 quidem
711 2374 819 2430 moveri
834 2380 869 2430 ut
881 2374 942 2432 for·

98 2455 166 2511 titcr
182 2454 284 2511 fecisse
301 2454 454 2530 poeniteat.
498 2459 543 2510 83.
563 2452 655 2520 Quam
677 2453 714 2511 ob
734 2472 794 2509 rem
811 2459 943 2512 uteretur

98 2535 197 2591 eadem
213 2535 391 2591 confessione
402 2533 434 2590 T.
444 2532 565 2603 Annius,
577 2552 633 2609 qua
645 2532 747 2603 Ahala,
758 2552 814 2609 qua
824 2531 941 2606 Nasica,

99 2633 155 2690 qua
179 2613 321 2691 Opimius,
340 2633 396 2690 qua
420 2613 534 2683 Marius
553 2632 610 2689 qua
636 2619 749 2669 nosmet
776 2612 839 2689 ipsi,
858 2625 896 2684 et,
916 2615 943 2673 si

97 2701 179 2770 grata
197 2713 241 2751 rcs
257 2693 373 2772 publica
389 2700 470 2762 esset,
482 2693 649 2749 laetaretur:
671 2693 694 2748 si
709 2693 828 2768 ingrata,
840 2699 942 2754 tamen

98 2775 128 2830 in
142 2774 221 2849 gravi
235 2774 353 2830 fortuna
366 2772 541 2829 conscientia
554 2791 605 2828 sua
618 2772 762 2829 niteretur.

138 2853 196 2910 Sed
216 2853 301 2909 huius
323 2851 454 2909 bcncficii
475 2851 605 2927 gratiam,
620 2852 737 2923 iudices,
752 2851 871 2910 fortuna
888 2873 943 2930 po-

97 2933 158 3009 puli
175 2932 298 2989 Romani
316 2938 345 2988 et
358 2938 451 2988 vestra
465 2930 587 2987 felicitas
604 2938 632 2987 et
647 2932 677 2988 di
692 2932 867 2990 immortales
883 2933 941 2992 sibi

98 3012 195 3070 deberi
215 3017 325 3087 putant.
369 3010 430 3068 Nec
446 3030 513 3067 vero
535 3010 685 3087 quisquam
706 3011 788 3069 aliter
807 3011 943 3071 arbitrari

98 3099 202 3168 potest,
217 3091 272 3146 nisi
290 3091 339 3166 qui
357 3089 464 3146 nullam
481 3089 540 3145 vim
560 3109 620 3147 csse
641 3091 721 3148 ducit
738 3110 880 3149 numenve
897 3092 943 3150 di-

93 3171 198 3241 vinum,
217 3189 304 3246 quern
320 3189 414 3249 neque
431 3169 546 3249 imperii
559 3169 653 3226 nostri
662 3170 834 3244 magnitudo
845 3189 942 3245 necue
