1988 3480
70 111 117 160 198
267 108 334 159 PRO
351 111 382 170 Q.
398 107 548 159 LIGARIO
565 105 706 158 ORATIO.

69 211 258 268 condemnare
273 229 386 266 eausam
401 209 487 279 iilam,
498 229 583 287 quam
598 215 711 266 secutus
725 215 798 281 erat,
809 209 924 270 videre-

68 299 130 348 tur:
154 291 182 346 in
199 290 395 346 Macedoniam
413 290 449 346 ad
463 291 515 347 On.
524 289 657 367 Pompeii
674 295 768 346 eastra
781 291 877 363 venit,
889 293 921 349 in

69 391 130 427 earn
150 370 240 446 ipsam
257 389 408 439 causamn
425 389 481 445 qua
497 378 557 426 erat
571 370 691 426 reiectus
705 369 824 429 iniuria.
871 377 918 430 28.

68 451 162 518 Quid?
183 469 248 507 curn
264 450 318 506 ista
332 469 376 505 res
392 449 463 505 nihil
478 450 680 506 commovisset
694 448 756 505 cius
771 451 918 524 animum,

68 531 105 587 ad
116 551 201 608 quem
213 530 360 600 veneratis,
371 529 557 604 languidiore,
568 529 661 600 crede,
672 528 770 586 studio
785 529 818 586 in
831 550 920 589 causa

67 610 180 668 fuistis:
202 619 314 668 tantum
329 609 417 666 modo
433 611 461 666 in
474 609 621 686 praesidiis
635 608 728 679 eratis,
741 609 836 667 animi
848 631 917 669 vero

67 710 85 747 a
98 710 182 748 causa
195 690 401 747 abhorrebant:
423 709 467 757 an,
479 699 510 746 ut
525 688 557 745 fit
571 689 600 745 in
615 688 746 744 civilibus
760 689 867 749 bellis.
883 736 891 749 .
907 736 915 750 .

67 790 119 828 nec
141 771 171 827 iu
188 770 269 826 vebis
290 771 382 846 magis
399 789 484 847 quam
506 770 536 825 in
555 769 689 845 reliquis?
710 787 815 826 onmes
835 772 915 828 enim

67 851 199 907 vincendi
217 850 312 906 studio
327 849 501 907 tenebamur.
544 849 628 906 Pacis
645 848 780 926 equidem
797 868 917 928 semper

67 937 166 986 auctor
188 930 239 999 fui,
255 930 305 986 sed
324 939 387 987 turn
412 948 491 987 sero:
513 937 572 986 erat
595 929 672 986 enim
694 927 829 1000 amentis,
846 949 914 987 cum

66 1010 156 1066 aciem
168 1009 285 1079 videres,
298 1030 396 1086 pacem
411 1010 544 1086 cogitare.
580 1009 696 1079 Omnes,
707 1008 840 1086 inquam,
853 1010 915 1068 vin-

66 1109 128 1146 cere
145 1089 322 1147 voIebamus:
344 1098 376 1147 tu
396 1099 470 1147 certe
489 1089 648 1166 praecipue,
665 1089 714 1167 qui
733 1089 764 1146 in
783 1109 854 1147 cum
873 1091 915 1149 lo

67 1189 131 1225 eum
149 1189 272 1240 venerae,
285 1169 334 1226 ubi
351 1170 404 1226 tibi
422 1177 495 1226 esset
511 1170 697 1247 pereundum,
710 1169 766 1226 uisi
783 1169 911 1230 vicisses

66 1249 255 1327 Quamquam,
269 1257 301 1306 ut
317 1269 392 1307 nunc
414 1270 443 1306 sc
464 1269 508 1306 res
528 1250 623 1320 habet,
636 1268 694 1306 non
715 1247 821 1305 dubito
840 1251 913 1328 quin

66 1329 138 1386 haue
156 1330 275 1387 salutem
290 1339 447 1406 anteponas
462 1330 502 1386 illi
517 1330 658 1387 victoriae,
695 1328 732 1384 X.
762 1333 809 1384 29.
828 1328 914 1388 Haec

66 1429 120 1485 ego
135 1429 193 1466 nen
208 1409 339 1481 dicerem,
350 1409 471 1480 Tubere,
487 1410 511 1465 si
528 1417 578 1466 ant
592 1429 642 1466 vos
656 1407 836 1466 constantiae
852 1414 914 1467 res-

66 1497 125 1547 trae
150 1498 199 1546 aut
220 1490 369 1547 Caesarem
390 1489 520 1546 beneficii
543 1489 587 1545 sui
609 1489 776 1565 poeniteret.
821 1488 913 1548 Nune

67 1589 171 1646 quaero
189 1576 284 1626 utrum
301 1577 408 1627 vestras
426 1570 542 1626 iniurias
559 1589 595 1626 au
611 1569 652 1626 rei
668 1568 799 1645 publicae
813 1588 910 1646 perse

66 1650 210 1726 quamini:
233 1651 256 1706 si
271 1650 311 1706 rei
325 1650 463 1726 publicae,
475 1649 545 1726 quid
559 1648 594 1706 dc
608 1656 700 1706 vestra
714 1649 744 1704 in
759 1647 808 1705 illa
823 1668 911 1709 eausa

65 1731 273 1805 perseverantia
290 1730 516 1806 respondebitis?
538 1730 561 1786 si
576 1736 689 1798 vestras,
702 1727 798 1786 videte
814 1747 855 1787 ne
870 1750 911 1788 er·

65 1811 141 1880 retis,
153 1811 202 1886 qui
216 1810 365 1867 Caesarem
376 1810 476 1867 vestris
491 1809 614 1866 inimicis
628 1809 732 1865 iratum
746 1808 810 1866 fore
824 1818 910 1886 pute·

65 1889 110 1958 tis,
123 1910 189 1946 cum
203 1890 345 1965 ignoverit
359 1891 424 1946 suia.

106 1969 206 2044 Itaque
222 1988 290 2025 num
305 1969 358 2026 tibi
373 1969 472 2026 videor
486 1971 515 2026 iu
530 1990 613 2027 causa
628 1968 733 2046 Ligarii
748 1987 809 2026 esse
824 1988 908 2028 occu

65 2051 167 2124 patus?
188 2068 258 2104 num
279 2049 314 2106 dc
336 2049 397 2106 eius
417 2050 495 2107 facto
517 2051 628 2108 diceret
669 2048 818 2124 Quidquid
834 2049 909 2121 dixi,

65 2129 207 2184 adunam
228 2148 369 2185 summam
390 2131 490 2187 referri
507 2131 571 2186 volo
588 2130 631 2186 vel
652 2128 843 2185 humanitatis
863 2130 911 2188 vel

65 2208 231 2265 elementiae
243 2208 286 2264 vel
297 2209 514 2267 misericordiae.
552 2216 597 2267 30.
611 2210 724 2279 Causas,
736 2207 849 2280 Caesar,
860 2210 909 2287 egi

65 2288 169 2344 multas
191 2288 323 2365 equidem
342 2296 446 2360 tecum,
459 2289 528 2346 dum
545 2297 574 2347 te
591 2291 620 2346 in
638 2290 702 2346 foro
719 2288 814 2345 tenu'1t
830 2291 909 2348 ratio

66 2367 207 2425 bonorum
230 2377 353 2440 tuorum,
369 2376 444 2426 certe
468 2389 625 2446 numquam
648 2369 702 2426 hoc
725 2367 833 2425 modo:
861 2368 909 2447 Ig-

66 2448 182 2518 noscite,
199 2449 321 2506 iudiees:
344 2449 454 2519 erravit,
467 2449 562 2526 lapsus
583 2456 633 2519 est,
649 2469 706 2505 non
728 2447 859 2524 putavit:
883 2450 909 2507 si

66 2548 201 2604 umquam
226 2528 353 2605 posthac.
396 2529 445 2585 Ad
465 2536 611 2605 parentem
637 2529 677 2585 sic
701 2528 748 2604 agi
771 2528 852 2599 solet,
870 2529 909 2588 ad

65 2608 188 2666 iudices:
208 2608 274 2665 Non
289 2608 367 2679 fecit,
377 2628 436 2664 non
451 2609 604 2684 cogitavit:
622 2609 687 2665 falsi
699 2616 793 2677 testea
804 2606 908 2667 fictum

66 2688 180 2744 crimen.
222 2688 278 2744 Dic
303 2696 340 2757 tc,
357 2688 467 2755 Caesar,
483 2689 519 2744 de
544 2689 621 2745 facto
647 2688 753 2765 Ligarii
778 2687 907 2748 iudicem

65 2785 141 2822 esse:
167 2767 270 2843 quibus
291 2768 320 2824 in
342 2767 489 2844 praesidiis
509 2768 597 2825 fucrit
619 2786 737 2844 quaere:
763 2774 852 2835 taceo,
869 2787 909 2831 ne

66 2846 134 2902 haec
159 2847 274 2923 quidem
296 2847 409 2924 collige,
426 2867 497 2923 quae
521 2848 641 2904 fortasse
666 2847 792 2904 valerent
816 2847 906 2909 etiam

65 2926 142 3001 apud
156 2927 296 2984 iudicem:
319 2927 442 3003 Legatus
456 2934 521 2983 ante
536 2927 642 2984 bellum
657 2928 811 3003 profectus,
825 2926 904 2984 relio

65 3014 112 3061 tus
129 3006 158 3062 in
175 3026 252 3083 pace,
262 3007 337 3064 bello
355 3025 514 3084 oppressus
527 3007 556 3062 iu
571 3026 605 3063 co
620 3007 684 3083 ipso
701 3026 758 3063 non
776 3005 904 3079 acerbus,

67 3085 120 3142 iarn
137 3094 180 3142 cst
194 3094 272 3143 totus
286 3087 382 3143 animo
397 3106 428 3143 ac
443 3085 539 3142 studio
554 3095 627 3144 tuus.
661 3087 710 3143 Ad
724 3086 847 3143 iudicem
863 3087 903 3146 sie

60 3167 109 3240 agi
127 3165 208 3238 solet,
225 3166 275 3224 sed
298 3185 352 3245 ego
373 3166 453 3245 apud
473 3173 624 3244 parentem
641 3165 764 3241 icquar:
782 3165 908 3236 Erravit,
