1988 3480
126 116 159 164 so
289 112 329 162 m
346 112 376 162 n.
393 82 597 162 carminare
612 110 748 162 ona'rro
764 113 799 161 11.

126 214 245 286 familia,
256 219 290 271 tu
305 212 390 271 rebus
406 212 540 270 omnibus
557 220 674 270 omatus
690 219 719 271 et
733 212 868 290 copiosus
885 213 927 271 sis
944 220 976 273 ct

127 295 242 352 dubites
252 294 288 351 de
298 293 476 371 possessione
487 293 642 365 detrahere,
653 292 801 370 adquirere
815 293 852 350 ad
863 292 976 353 fideml

127 373 205 443 Quid
216 373 291 431 enim
304 375 467 450 exspectasl
486 372 610 431 belluml
640 372 718 441 Quid
729 373 817 449 ergol
834 372 864 428 in
880 380 976 432 vasta

127 456 206 512 tione
221 453 350 510 onmium
365 461 429 510 tuas
442 454 634 531 possessiones
651 458 842 510 sacrosanctas
855 453 975 511 futuras

127 535 230 612 putasl
266 533 314 590 An
328 532 440 590 tabulas
454 534 559 590 novasl
598 533 701 590 Errant
716 532 765 610 qui
778 530 848 589 istas
862 551 881 589 a
894 532 976 591 Cati-

127 615 186 671 lina
199 620 381 691 exspectant:
403 632 468 670 meo
482 612 621 670 beneficio
638 612 750 670 tabulae
766 631 857 669 novae
874 613 975 689 proie-

127 701 233 766 rentur,
251 713 350 751 verum
375 693 573 751 auctionariae.
619 692 720 770 Neque
744 692 821 749 enim
841 691 901 764 isti,
920 693 974 770 qui

127 775 320 852 possessiones
336 772 451 844 habent,
464 773 519 829 alia
537 772 647 830 ratione
666 772 723 829 ulla
741 771 811 829 salvi
827 790 889 830 esse
906 791 975 850 pos·

128 862 202 911 sunt.
246 852 332 921 Quod
348 853 371 909 si
388 853 528 909 maturius
543 852 636 909 facere
653 852 808 909 voluissent
825 870 927 928 neque,
940 852 975 911 id

130 933 208 1010 quod
225 933 424 990 stultissimum
442 940 492 1003 est,
509 939 614 990 certare
633 951 699 989 curn
718 931 810 988 usuris
826 931 985 1005 nuenbus

128 1012 318 1090 praediorum,
331 1019 360 1070 et
373 1012 607 1089 locupletioribus
620 1011 666 1069 his
680 1019 710 1069 et
723 1009 889 1069 melioribus
903 1010 974 1069 civi·

128 1092 183 1150 bus
206 1099 357 1150 uteremur.
403 1091 460 1151 Sed
484 1091 570 1149 hosce
594 1092 725 1148 homines
752 1090 871 1148 minime
897 1098 973 1168 puto

129 1172 378 1251 pertimescendos,
390 1174 467 1250 quod
478 1178 528 1229 aut
539 1171 642 1229 deduci
651 1171 686 1228 de
697 1171 838 1228 sententia
848 1178 973 1248 possunt

129 1260 187 1326 aut,
198 1255 222 1311 si
235 1253 451 1331 permanebunt,
462 1252 554 1329 magis
567 1251 640 1308 mihi
650 1250 783 1309 videntur
797 1257 866 1308 vota
878 1251 974 1309 faetu-

129 1335 153 1391 ri
168 1341 267 1392 contra
280 1353 339 1390 rem
355 1333 499 1410 publicam
510 1352 595 1409 quam
611 1351 689 1388 arma
702 1331 793 1389 laturi.
830 1330 883 1388 IX„
922 1336 970 1390 19.

130 1413 262 1471 Alterum
273 1433 363 1490 genus
378 1421 420 1470 est
431 1432 538 1484 eorum,
549 1413 606 1490 qui,
617 1430 788 1488 quamquam
800 1417 973 1489 premuntur

130 1513 193 1551 aere
210 1493 310 1565 aliene,
327 1493 553 1551 dominationem
570 1498 666 1549 tamen
684 1497 857 1568 exspectant,
873 1510 971 1549 rerum

129 1574 217 1652 potiri
231 1574 340 1645 volunt,
352 1573 483 1645 honores,
496 1592 567 1650 quos
582 1572 679 1649 quieta
695 1590 724 1628 re
741 1570 856 1647 publica
872 1570 974 1648 despe-

129 1662 201 1727 rant,
214 1655 379 1732 perturbata
392 1654 527 1730 consequi
542 1673 572 1710 se
585 1671 669 1730 posse
683 1651 862 1708 arbitrantur.
901 1649 973 1719 Qui-

129 1735 184 1792 bus
194 1736 249 1792 hoc
260 1734 493 1812 praecipiendum
504 1733 623 1803 videtur,
634 1750 724 1789 unum
735 1729 842 1787 sedicet
852 1736 882 1787 et
891 1728 972 1788 idem

131 1815 209 1890 quod
226 1814 341 1890 reliquis
359 1812 500 1882 omnibus,
516 1819 549 1868 ut
565 1812 715 1889 desperent
732 1830 762 1868 se
778 1809 817 1880 id,
830 1809 909 1886 quod
925 1828 973 1867 co-

130 1901 242 1963 nantur,
254 1892 391 1970 consequi
405 1909 504 1968 posse:
526 1891 650 1967 primum
668 1890 798 1948 omnium
814 1908 861 1946 me
875 1889 972 1966 ipsum

131 1971 256 2048 vigilare,
272 1972 377 2042 adesse,
392 1970 541 2048 providere
561 1970 767 2047 reipublicae:
789 1968 892 2026 deinde
912 1988 974 2026 ma·

131 2070 204 2128 gnos
219 2051 330 2107 animos
344 2070 403 2109 esse
417 2051 448 2106 in
459 2050 542 2107 bonis
555 2050 772 2127 viris,magnam
788 2048 973 2107 concordiam

131 2132 257 2188 maxima
284 2131 313 2186 in
341 2129 534 2201 multitudine,
556 2149 675 2206 magnas
702 2137 847 2206 praeterea
873 2129 973 2206 copias

131 2211 273 2268 militum:
296 2211 365 2267 deos
382 2209 505 2288 denique
521 2210 696 2267 immortales
712 2210 780 2268 huic
797 2209 904 2266 invicto
921 2228 973 2286 po

132 2291 209 2368 pulo,
229 2290 385 2348 clarissimo
407 2290 536 2367 imperio,
556 2289 762 2368 pulcherrimae
786 2288 850 2345 urbi
872 2296 974 2346 contra

131 2378 242 2428 tantam
256 2371 315 2428 vim
330 2370 440 2427 sceleris
454 2377 615 2448 praesentes
629 2369 766 2427 auxilium
781 2388 841 2426 esse
855 2367 971 2427 laturos

133 2449 219 2518 Quod
235 2451 259 2508 si
274 2451 333 2508 iam
350 2450 407 2507 sint
423 2450 461 2521 id,
475 2451 552 2528 quod
569 2469 635 2506 eum
652 2469 764 2506 summo
781 2448 879 2505 furore
895 2448 975 2525 cupi·

132 2529 193 2601 unt,
209 2531 314 2608 adepti,
330 2549 400 2586 num
419 2529 460 2586 illi
479 2531 509 2587 in
530 2530 623 2587 cinere
642 2529 720 2586 urbis
739 2528 814 2586 etin
834 2527 974 2604 sanguine

133 2610 247 2682 civium,
263 2629 335 2687 quae
354 2616 450 2666 mente
471 2609 605 2667 scelerata
625 2628 657 2666 ac
676 2609 786 2666 nefaria
806 2605 976 2682 concupive-

133 2694 208 2760 runt,
221 2709 250 2746 se
267 2689 397 2748 consules
413 2695 462 2746 aut
476 2688 629 2747 dictatores
645 2695 695 2746 aut
712 2689 798 2746 ctiam
815 2706 896 2764 reges
913 2705 975 2762 spe·

133 2775 198 2825 rant
220 2769 353 2827 futurosl
392 2768 460 2826 Non
484 2769 583 2826 vident
606 2768 638 2825 id
661 2788 691 2826 se
715 2787 825 2845 cupere,
846 2766 925 2844 quod
950 2766 975 2823 si

134 2848 231 2926 adepti
248 2849 313 2920 sint,
326 2848 451 2925 fugitivo
468 2848 551 2905 alicui
568 2855 618 2905 aut
634 2848 785 2924 gladiatori
802 2846 920 2904 concedi
937 2846 976 2904 sit

134 2929 265 2986 necesscl
307 2934 353 2985 20.
375 2928 504 2986 Tertium
521 2947 611 3004 genus
632 2933 675 2984 est
693 2933 785 2985 aetate
804 2928 861 2984 iam
881 2926 977 2983 adiee-

134 3015 205 3080 tum,
222 3009 272 3066 sed
287 3015 384 3065 tamen
403 3008 604 3066 exercitatione
625 3007 855 3084 robustumque
874 3026 909 3063 ex
928 3024 977 3081 ge-

134 3106 201 3145 nere
226 3095 268 3146 est
289 3090 351 3165 ipse
373 3088 504 3158 Manlius,
525 3087 571 3143 cui
592 3105 668 3143 nunc
691 3086 817 3143 Catilina
839 3086 978 3141 suee‘edit.

125 3166 204 3225 Sunt
218 3167 354 3228 homines
374 3188 409 3228 ex
427 3168 461 3227 iis
480 3166 614 3239 coloniis,
631 3185 703 3243 quas
718 3164 804 3221 Sulla
821 3161 991 3217 constituat·
