1988 3480
330 126 407 176 cnr.
422 126 550 187 x.-x11.‚
568 125 686 186 §aa-27.
728 144 731 150 ·
897 131 932 199 11

89 228 203 301 stantia,
215 228 292 287 illino
309 228 406 286 furor:
427 229 494 286 hine
510 228 653 300 honestas,
664 229 743 286 illine
760 228 928 305 turpitudo:

90 309 157 366 hinc
185 309 369 378 continentia,
392 309 469 366 illinc
497 308 605 367 libido:
637 309 760 386 denique
790 309 927 385 aequitas,

89 389 285 466 temperantia,
296 388 447 460 fortitudo,
456 389 615 466 prudentia,
626 389 745 446 virtutes
759 408 859 446 omncs
872 409 928 447 cer-

88 475 152 526 tant
166 487 232 525 cum
246 468 405 544 iniquitate,
418 468 535 539 luxuria,
548 469 669 543 ignavia,
681 469 849 541 temeritate,
862 490 927 527 oum

89 548 166 604 vitiis
183 547 332 605 omnibus:
354 555 499 623 postremo
517 549 600 625 copia
618 568 683 605 cum
703 556 836 624 egestate,
852 550 928 607 bona

88 628 161 684 ratio
186 646 251 684 cnm
273 627 392 704 perdita,
412 647 494 684 mens
518 646 586 684 sana
609 647 675 684 cum
699 629 831 700 amentia,
851 628 928 687 bona

88 707 211 784 denique
228 727 291 784 spes
308 727 373 764 oum
391 708 520 764 omnium
538 726 632 764 rerum
649 708 845 784 desperatione
862 728 927 765 con-

88 786 169 862 fligit.
209 786 243 845 In
257 787 317 844 eius
331 787 411 843 modi
425 787 579 844 certamine
593 807 625 844 uc
639 788 749 864 proelio
763 807 866 859 nonne,
877 789 927 845 eti-

87 886 133 923 am
151 867 174 923 si
190 867 341 924 hominum
361 867 456 924 studia
474 867 616 939 deficiant,
632 868 662 925 di
679 868 734 945 ipsi
751 868 927 925 immortales

87 952 191 1022 cogant
208 946 243 1003 ab
259 947 305 1003 his
321 947 551 1023 praeclarissimis
567 949 720 1005 virtutibus
737 955 782 1004 tot
801 954 830 1005 et
846 955 927 1005 tanta

87 1026 156 1082 vitia
173 1027 315 1102 superarit
356 1026 424 1085 XII.
464 1033 510 1086 26.
534 1027 613 1097 Quae
634 1048 700 1086 oum
718 1028 759 1084 ita
777 1027 927 1097 1111111111-

87 1106 162 1176 riteS,
180 1126 238 1176 vos,
258 1125 342 1183 quem
365 1107 402 1164 ad
422 1109 543 1165 modum
565 1109 621 1165 iam
644 1115 728 1165 antea
747 1108 817 1177 dixi,
834 1115 927 1164 vestra

86 1193 162 1242 tecta
181 1187 318 1243 custodiis
339 1187 503 1266 vigiliisque
524 1188 688 1246 defendite:
713 1188 793 1258 mihi,
808 1194 842 1243 ut
862 1187 925 1244 urbi

86 1265 146 1322 sine
157 1273 250 1323 vestro
264 1274 347 1324 motu
358 1287 395 1324 ac
405 1269 465 1324 sine
476 1268 535 1340 ullo
546 1269 672 1326 tumultu
683 1268 754 1324 satis
765 1274 838 1323 essct
848 1286 926 1343 prae

87 1345 160 1416 sidii,
173 1346 334 1403 consultum
352 1354 437 1423 atquc
451 1349 598 1425 provisum
615 1356 666 1405 cst.
709 1346 812 1403 Coloni
827 1365 926 1403 omnes

86 1425 301 1502 municipesque
315 1428 409 1497 vestri,
421 1428 555 1484 certiores
569 1447 585 1484 a
599 1447 645 1484 me
659 1427 729 1483 facti
744 1427 779 1483 dc
794 1425 846 1482 hac
860 1445 928 1482 noc-

86 1510 171 1561 tuma¹
185 1506 349 1562 excursione
363 1505 511 1576 Catilinae,
524 1507 607 1563 facile
622 1505 705 1562 urbes
722 1525 786 1562 suas
799 1505 927 1581 finesque

87 1584 250 1641 defendent.
293 1585 480 1655 Gladiatores,
497 1604 583 1661 quam
600 1586 654 1642 sibi
672 1585 718 1642 ille
735 1604 852 1641 manum
870 1604 927 1641 cer-

87 1664 227 1720 tissimam
251 1665 315 1721 fore
338 1665 664 1741 putavit-quamquam
689 1665 796 1720 animo.
809 1664 927 1721 meliore

87 1751 154 1801 sunt
164 1764 249 1820 quam
258 1763 323 1820 pars
331 1744 565 1822 patriciorum-,
573 1750 715 1821 potestate
724 1751 820 1801 tamen
829 1751 926 1800 nostra

87 1824 316 1881 continebuntur.
360 1823 545 1895 Q,Metellus,
562 1843 647 1901 quem
669 1843 722 1899 ego
742 1823 797 1880 hoc
817 1824 925 1899 prospi-

86 1905 163 1961 ciens
180 1905 210 1960 in
229 1923 330 1980 agrum
347 1901 488 1961 Gallicum
505 1904 701 1980 Picenumque
719 1903 860 1980 praemisi,
876 1910 925 1960 ant

87 1985 230 2061 opprimet
240 1984 387 2060 hominem
399 1990 449 2041 ant
460 2003 559 2040 omnes
570 1985 630 2040 eius
641 1991 737 2043 motus
751 1989 925 2058 conatusque

86 2064 257 2140 prohibebit.
300 2064 429 2140 Reliquis
446 2070 541 2120 autem
556 2064 592 2121 de
606 2063 690 2121 rebus
708 2063 923 2133 constituendis,

86 2144 269 2214 maturanda,
280 2144 399 2220 agendis
408 2144 466 2200 iam
477 2143 514 2200 ad
524 2150 654 2201 senatum
665 2143 828 2212 referamne,
839 2162 924 2219 quem

86 2225 180 2281 vocari
194 2224 304 2281 videtis

127 2304 172 2361 27.
190 2303 275 2360 Nunc
285 2303 356 2374 illos,
369 2304 458 2379 quiin
470 2303 539 2360 urbe
551 2309 747 2360 remanserunt
757 2309 842 2379 atquc
853 2302 925 2358 adeo

87 2384 136 2460 qui
147 2390 246 2439 eontra
256 2383 333 2439 urbis
348 2383 468 2440 salutem
479 2383 665 2459 omniumque
676 2391 801 2438 vestrum
815 2383 845 2438 in
856 2381 925 2438 urbe

87 2483 104 2519 a
117 2462 241 2520 Catilina
255 2462 344 2519 relicti
356 2470 615 2539 suntquamquam
627 2468 693 2518 sunt
704 2461 809 2530 hostcS,
819 2468 923 2531 tamen,

88 2543 156 2618 quia
178 2550 244 2599 sunt
271 2542 503 2613 cives-monitos
522 2542 609 2598 etiam
633 2548 719 2616 atque
741 2540 828 2597 etiam
850 2539 923 2597 vole.

88 2621 153 2677 Mea
162 2621 263 2678 lenitas
277 2621 369 2678 adhuc
384 2623 407 2677 si
419 2622 465 2678 cui
476 2621 596 2677 solutior
608 2621 670 2677 visa
684 2626 735 2690 est,
746 2619 802 2675 hoc
814 2638 926 2695 exspec-

88 2701 167 2770 tavit,
178 2707 210 2756 nt
220 2701 258 2770 id,
269 2701 348 2777 quod
358 2700 472 2770 latebat,
484 2707 652 2776 erumperet.
689 2698 774 2767 Quod
785 2699 925 2776 reliquum

89 2786 139 2848 est,
155 2780 211 2835 iam
232 2798 290 2835 non
307 2799 424 2857 possum
446 2780 574 2836 oblivisci
596 2799 690 2836 meam
712 2779 784 2835 hanc
802 2798 861 2835 csse
878 2797 925 2855 pa-

88 2859 181 2928 triam,
195 2878 242 2915 mc
261 2859 364 2915 horum
386 2879 446 2922 esse
467 2859 621 2929 consulem,
637 2859 709 2915 milii
730 2865 779 2915 aut
798 2877 863 2914 cnm
880 2858 925 2914 his

89 2939 240 2994 vivendum
259 2944 308 2994 aut
324 2958 376 3014 pro
393 2939 438 2994 his
455 2958 514 2995 esse
531 2938 721 2995 moriendum.
764 2937 866 2993 Nullus
883 2944 926 2994 cst

89 3018 180 3093 portis
195 3024 298 3087 custos,
311 3017 405 3074 nullus
419 3017 571 3074 insidiator
584 3019 665 3074 viae:
685 3017 714 3072 si
728 3018 784 3090 cpi
794 3018 936 3070 111111

88 3097 157 3167 lunt,
170 3097 300 3154 conivere
317 3117 457 3176 possum:
481 3098 535 3177 qui
550 3117 622 3155 uero
638 3116 674 3152 sc
684 3096 724 3149 'in
734 3093 816 3146 uine
831 3100 989 3192 emaum·X

83 3177 160 3246 verit,
173 3179 257 3236 euius
274 3200 332 3255 ego
349 3201 413 3240 non
429 3182 528 3240 modo
547 3180 684 3245 iactum,
696 3166 938 3229 sensianum
947 3166 990 3195 Ψ
