1988 3480
388 130 663 192 sucurrendum.
896 146 944 192 ras

101 241 146 288 dio
157 241 237 287 scriba
247 256 337 302 corpus
347 241 376 288 l’.
385 240 466 287 Clodii
477 239 503 287 in
512 241 605 288 curiam
615 241 698 290 intulit
707 243 875 306 eremaritque
886 246 944 292 sub

103 306 179 353 selliis
186 315 212 352 et
223 305 385 352 tribunalibus
396 313 422 352 et
430 305 522 353 mensis
532 314 559 353 et
567 307 693 355 codicibus
702 308 874 357 librariorum:
894 324 943 371 quo

102 373 161 432 igne
175 379 200 418 et
216 371 269 431 ipsa
285 385 383 433 quoque
393 371 465 418 curia
481 370 594 430 flagravit
609 374 710 421 etitem
723 375 814 421 Porcia
832 375 941 435 basilica,

103 451 168 500 quae
179 445 233 483 erat
244 437 266 482 ei
279 436 372 495 iuncta,
383 436 498 484 ambusta
507 445 554 484 est.
588 439 684 485 Domus
692 454 795 501 quoque
808 441 843 489 M.
854 441 943 502 Lepidi

104 501 287 560 interregis-is
301 501 366 548 enim
381 502 542 560 magistratus
559 503 651 550 eurulis
664 514 718 551 erat
732 513 887 553 creatas—et
900 507 943 553 ab·

101 567 183 615 sentis
201 566 303 614 Milonis
319 567 408 614 eadem
425 567 469 614 illa
486 566 609 615 Clodiana
628 569 762 617 inultitudo
782 572 940 632 oppugnavit,

101 631 194 680 deinde
210 631 307 690 sagittis
321 632 418 693 reprdsa
435 640 479 681 est.
517 634 583 680 'l'um
600 634 678 682 fasces
695 649 728 682 ex
745 635 800 682 luco
820 637 943 684 Libitinae

102 707 189 760 septos
206 697 291 744 attulit
308 698 340 744 ad
357 697 461 744 domum
482 698 604 760 Scipionis
624 708 649 747 et
670 701 787 763 Hypsaei,
803 701 892 749 deinde
910 702 943 748 ad

102 763 190 811 hortos
207 762 254 811 Cn.
266 762 388 824 Pompeii,
404 762 534 812 clamitans
552 780 609 812 eum
626 766 701 814 modo
718 766 853 827 consulem,
868 767 944 814 modo

104 829 259 876 dictatorem.

138 893 285 941 Incendium
299 894 381 942 curiae
398 895 517 942 maiorem
532 895 660 958 aliquanto
674 897 870 957 indignationem
884 897 943 944 ciri-

103 960 164 1007 tatis
181 969 291 1006 morerat
308 975 383 1022 quam
400 959 539 1008 interfectio
554 962 643 1009 Clodii.
681 964 770 1025 Itaque
784 963 856 1022 Milo,
869 978 943 1025 quem

101 1025 188 1087 opinio
204 1024 286 1072 fuerat
301 1025 374 1073 ivisse
391 1025 417 1072 in
432 1026 598 1074 voluntarium
614 1028 738 1087 exsilium,
750 1028 842 1075 invidia
859 1029 943 1076 adrer-

100 1090 224 1148 sarioram
241 1099 364 1138 recreatus
381 1100 455 1139 nocte
471 1109 504 1140 eir
522 1093 629 1140 redierat
646 1095 760 1152 lbomam,
776 1109 825 1155 qua
843 1094 944 1141 incensa

99 1164 158 1205 erat
177 1156 253 1215 curia,
270 1158 420 1220 petebatque
439 1158 517 1206 nihilo
536 1159 643 1206 deterius
663 1159 833 1206 consulatum:
860 1170 944 1221 aperte

102 1236 203 1284 quoqne
217 1222 329 1270 tributim
343 1224 368 1270 in
386 1224 495 1283 singulos
510 1224 577 1270 milia
590 1225 682 1271 assium
695 1224 805 1272 dederat.
842 1225 942 1272 Contio·

104 1303 162 1335 nem
176 1288 198 1335 ei
213 1297 268 1349 post
281 1289 376 1351 aliquot
389 1289 442 1336 dies
456 1289 524 1336 dedit
539 1290 574 1336 M.
587 1290 685 1337 Caelius
699 1290 811 1336 tribunus
824 1290 943 1350 piatque

102 1354 157 1414 ipse
169 1353 245 1400 etiam
257 1369 355 1401 eausam
370 1355 423 1401 eius
437 1355 487 1413 egit
499 1354 530 1400 ad
541 1354 667 1415 populum.
680 1406 683 1412 ¹
705 1354 829 1401 Dicebant
841 1364 943 1415 uterque

104 1418 195 1466 Miloni
207 1434 222 1465 a
234 1418 323 1466 Clodio
336 1420 412 1466 factas
422 1433 477 1466 esse
487 1419 597 1466 insidias.

138 1483 244 1531 Fiebant
258 1484 352 1531 interea
365 1484 407 1530 alii
416 1499 450 1531 ex
464 1484 519 1530 aliis
533 1485 675 1543 interreges,
688 1484 729 1545 qni
741 1484 842 1532 comitia
855 1499 943 1531 consu-

104 1548 167 1596 laria
181 1557 281 1610 propter
295 1565 379 1596 eornm
393 1549 582 1595 candidatorum
594 1549 714 1597 tumultus
727 1560 752 1597 et
764 1549 878 1596 eamdem
891 1565 944 1596 tna—

104 1630 165 1661 num
183 1623 307 1660 armatam
321 1614 411 1660 babere
428 1628 477 1660 noa
491 1622 613 1674 poterant
651 1615 738 1676 ltaque
754 1614 834 1675 primo
852 1615 944 1662 factum

101 1688 159 1728 erat
174 1680 197 1727 S.
210 1681 250 1736 (L,
262 1689 289 1726 ut
303 1680 412 1726 interrex
423 1687 450 1726 et
461 1679 553 1725 tribuni
567 1679 643 1739 plebis
653 1688 679 1726 et
691 1681 737 1726 Cn.
748 1680 890 1741 Pompeius,
902 1681 944 1741 qai

103 1761 151 1807 pro
165 1745 267 1792 consule
285 1745 317 1791 ad
331 1746 416 1791 rnbem
431 1752 492 1802 erat,
504 1744 617 1791 riderent
630 1759 661 1792 ne
675 1745 733 1806 quid
747 1745 891 1792 detrimenti
905 1759 944 1792 res

103 1811 205 1872 publica
213 1819 322 1871 caperet,
333 1811 436 1856 dilectus
448 1819 532 1856 autem
544 1810 677 1870 Pompeius
686 1819 739 1857 tota
748 1811 823 1858 ltalia
832 1811 940 1859 haberet.

102 1877 155 1936 Qui
170 1891 226 1924 curn
241 1891 338 1923 summa
350 1875 476 1922 celeritate
488 1875 638 1936 praesidium
649 1885 825 1937 comparasset,
834 1875 944 1938 postula·

103 1949 194 1990 tentat
205 1941 270 2004 apud
280 1956 338 1988 eum
350 1941 470 1987 familiam
483 1940 593 2000 Milonis,
603 1941 664 1988 item
675 1941 783 1989 Faustae
794 1942 880 1988 uxoris
888 1941 943 1989 eius

103 2007 273 2056 exhibendam
282 2008 332 2054 duo
341 2006 527 2065 adolescentuli,
535 2006 577 2068 qni
586 2006 664 2068 Appii
671 2006 770 2054 Claudii
779 2006 852 2054 ambo
861 2007 944 2068 appel-

102 2074 227 2127 labantur,
233 2073 278 2134 qui
290 2081 362 2120 erant
374 2072 402 2120 C.
415 2072 513 2119 Claudii
525 2071 576 2127 filii.
588 2072 630 2133 qni
642 2071 718 2118 frater
728 2071 808 2120 fuerat
820 2071 908 2130 Clodii,
919 2082 944 2120 et

101 2140 137 2187 ob
154 2138 180 2186 id
194 2138 229 2185 illi
242 2138 324 2200 patrui
339 2137 379 2184 sui
393 2145 507 2196 mortem,
518 2137 584 2184 velut
600 2145 701 2184 auctore
717 2137 801 2197 fratre,
812 2151 944 2198 perseque-

102 2205 203 2251 bantur.
240 2203 348 2250 llnsdem
361 2204 469 2250 Faustae
480 2212 508 2250 et
519 2203 621 2250 Milonis
635 2202 742 2249 familias
755 2202 944 2263 postulauerunt

102 2270 156 2316 duo
166 2268 269 2328 Valerii,
279 2270 362 2330 Nepos
374 2277 401 2316 et
412 2269 473 2327 Ieo,
484 2277 509 2315 et
520 2269 550 2316 L.
560 2267 700 2316 Herennius
712 2268 814 2316 Balbus.
847 2269 875 2315 P.
887 2268 944 2315 Clo-

103 2335 141 2381 dii
157 2349 256 2396 quoque
268 2333 388 2381 familiam
403 2343 428 2380 et
442 2334 561 2380 comitum
573 2334 626 2381 eius
637 2332 770 2394 postularit
781 2333 869 2379 eodem
881 2342 944 2380 tem-

105 2414 165 2460 pore
183 2399 296 2446 Caelius:
317 2398 438 2445 familiam
457 2399 567 2461 Hypsaei
583 2408 609 2445 et
625 2398 657 2456 Q.
671 2397 783 2459 Pompeii
801 2397 940 2457 postularit.

107 2501 113 2511 .
130 2501 135 2513 .
153 2501 159 2513 .
172 2464 316 2511 Adfuerunt
329 2463 417 2510 Miloni
431 2463 461 2523 Q.
474 2463 628 2522 llorteusius,
638 2463 674 2510 M.
685 2463 780 2520 Cicero,
792 2463 827 2510 M.
838 2461 944 2509 Marcel-

104 2529 153 2588 lus,
168 2530 203 2576 M.
214 2529 331 2586 Calidius,
348 2529 383 2577 M.
395 2528 467 2589 Cato,
482 2530 589 2576 Ferratus
608 2528 682 2576 Sulla.
719 2527 804 2574 Verba
818 2542 897 2588 pauca
910 2528 942 2586 Q.

109 2595 256 2641 Hortensius
268 2594 346 2642 dixit:
363 2594 455 2642 liberos
468 2609 522 2641 csse
534 2609 583 2652 eos,
592 2594 636 2655 qni
648 2594 780 2655 proscenis
792 2592 944 2653 postularen-

105 2668 162 2707 tur:
182 2674 240 2706 nam
253 2669 308 2721 post
320 2670 444 2706 recentem
457 2660 559 2706 caedem
572 2674 647 2706 mann
660 2659 761 2705 miserat
771 2672 814 2705 eos
825 2658 887 2704 Milo
899 2659 944 2704 snb

104 2724 154 2772 boc
172 2725 252 2784 titulo,
267 2725 332 2786 quod
348 2733 422 2787 caput
439 2740 511 2772 snam
530 2725 574 2772 ulti
589 2733 681 2771 essent.
721 2723 789 2770 Haec
808 2724 945 2782 agebantur

104 2805 192 2837 mense
211 2790 356 2837 irnercalari.
394 2791 456 2837 Post
473 2790 540 2837 diem
557 2789 712 2848 trigesimam
727 2788 787 2847 fere,
800 2802 875 2849 qnam
892 2798 945 2835 erat

104 2855 210 2904 Clodius
221 2855 323 2913 occisus,
333 2855 364 2914 Q.
376 2855 490 2903 Metellus
503 2855 586 2916 Scipio
599 2856 623 2901 in
638 2863 725 2901 senatu
736 2862 823 2901 contra
835 2853 871 2901 M.
883 2854 945 2902 Cac-

106 2921 205 2982 pionem
221 2930 370 2981 conquestus
389 2928 434 2979 est,
449 2934 479 2968 ae
496 2920 531 2967 de
548 2920 625 2968 caede
641 2920 671 2967 P.
684 2918 766 2967 Clodii
782 2918 873 2966 falsum
891 2932 945 2965 esse

105 2985 179 3043 dixit,
191 2985 258 3048 quod
270 2985 333 3032 Milo
347 2987 381 3032 sie
393 3000 418 3033 sc
432 2985 592 3033 defenderet.
606 3022 611 3033 .
624 3022 631 3033 .
644 2985 761 3032 Clodium
773 2984 890 3032 Aricinos
903 2983 945 3030 de·

103 3053 219 3098 curiones
233 3051 383 3112 adloquendi
396 3050 477 3110 gratia
490 3050 579 3110 abisse,
591 3051 728 3113 profectum
742 3064 799 3096 cum
813 3063 858 3096 sex
870 3064 899 3096 ac
910 3049 946 3095 vi-

104 3117 170 3177 ginti
178 3115 264 3164 servis:
280 3116 400 3162 Milonem
409 3115 489 3162 subito
496 3125 552 3178 post
559 3116 645 3163 horam
654 3122 771 3178 quartam
776 3113 958 3160 senataxmsso

105 3197 166 3237 eum
177 3181 252 3230 serris
263 3180 368 3244 emplius
381 3180 501 3231 trecentis
512 3181 620 3232 sinuatis
630 3181 665 3231 ob
673 3180 751 3228 uiam
759 3177 787 3225 ἐκ
795 3171 980 3223 centensima
