1988 3480
105 132 151 178 172
237 128 308 178 PRO
325 127 355 177 T.
371 127 485 178 ANNIO
501 127 641 178 MILONE
658 126 799 178 ORATIO.

103 228 264 299 disturbari,
274 247 339 284 cum
351 227 496 285 audiretur
506 228 619 285 silentio
630 227 668 284 M.
678 226 798 298 Caclius,
808 227 945 286 tribunus

103 307 201 384 plebis,
211 307 254 363 vir
268 315 297 364 ct
311 308 341 364 in
358 327 388 364 re
401 308 516 384 publica
528 308 702 365 fortissimus
719 314 748 364 et
762 307 792 363 in
810 316 944 385 suscepta

102 407 186 444 causa
199 386 378 444 firmissimus
392 394 420 445 et
432 387 570 445 bonorum
583 387 722 444 voluntati
738 394 766 444 et
776 387 943 446 auctoritati

103 474 217 524 senatus
237 467 352 524 deditus
373 468 447 524 etin
468 467 521 524 hac
542 467 658 524 Milonis
679 467 736 523 sive
757 466 868 524 invidia
885 469 945 527 siva

102 540 221 604 fortuna
234 547 370 624 singulari
385 547 482 604 divina
495 554 524 604 et
537 546 697 604 incredibili
711 545 775 603 fide.

143 626 287 685 XXXIV.
327 633 373 684 92.
393 627 450 684 Sed
464 627 520 684 iam
535 627 603 683 satis
617 625 708 683 multa
722 626 757 683 de
772 645 874 684 causa:
898 647 947 684 ex-

103 715 146 764 tra
160 726 273 764 causam
288 707 375 764 etiam
389 707 475 764 nimis
488 706 608 764 fortasse
622 705 720 763 multa
763 705 841 774 Quid
855 714 946 765 restat

103 787 158 844 nisi
172 793 204 844 ut
219 807 297 844 orem
316 787 496 862 obtesterque
510 805 568 856 vos,
581 786 699 856 iudices,
710 792 742 842 ut
754 789 821 842 'eam
834 787 945 844 miseri·

103 867 230 924 cordiam
253 866 387 923 tribuatis
414 866 571 922 fortissimo
596 866 665 935 viro,
684 885 770 942 quam
795 866 858 942 ipse
883 885 944 923 non

103 946 246 1022 implorat,
262 964 316 1021 ego
338 946 424 1002 etiam
445 953 621 1021 repugnante
642 944 697 1001 hoc
718 951 746 1001 et
759 945 893 1021 'imploro
914 954 946 1003 et

103 1026 244 1101 exposco?
285 1024 392 1094 Nolite,
404 1025 428 1081 si
441 1025 471 1081 in
489 1032 587 1081 nostro
602 1026 731 1082 omnium
748 1024 818 1082 fietu
833 1024 944 1082 nullam

103 1105 248 1161 lacrimam
265 1105 414 1181 aspexistis
430 1104 554 1175 Milonis,
567 1106 591 1162 si
607 1105 718 1161 vultum
736 1124 849 1182 semper
866 1124 947 1161 eum·-

104 1184 178 1255 dem,
189 1185 213 1241 si
224 1203 332 1256 vocem,
342 1185 366 1242 si
377 1185 535 1242 orationem
547 1185 677 1241 stabilem
689 1204 720 1241 ac
731 1204 790 1241 non
801 1191 944 1242 mutatam

105 1265 215 1336 videtis,
230 1265 286 1322 hoc
306 1265 401 1322 minus
422 1265 449 1322 ei
464 1283 594 1342 parcere:
616 1264 694 1321 haud
711 1265 770 1321 scio
791 1283 827 1321 an
848 1265 944 1322 multo

104 1345 141 1402 sit
155 1345 241 1402 etiam
255 1345 432 1402 adiuvandus
445 1345 545 1421 magis.
587 1344 702 1401 Etenim
717 1345 741 1401 si
757 1345 787 1401 in
803 1344 945 1421 gladiato·

104 1425 153 1481 riis
173 1425 278 1503 pugnis
302 1432 331 1483 et
351 1424 443 1481 infimi
466 1425 578 1501 generis
597 1423 748 1481 hominum
773 1423 944 1498 condicione

104 1512 190 1581 atque
210 1505 327 1562 fortuna
347 1505 465 1561 timidos
486 1510 571 1580 atque
593 1504 735 1580 supplicos
753 1511 782 1561 et
798 1510 831 1560 ut
848 1503 944 1561 vivere

104 1583 188 1642 liceat
198 1584 377 1642 obsecrantes
391 1585 477 1642 etiam
492 1584 585 1641 odisse
599 1583 730 1654 solemne,
741 1584 831 1640 fortes
845 1590 873 1640 et
884 1585 945 1641 ani

104 1684 201 1723 mosos
222 1671 302 1723 etse
324 1665 425 1722 acriter
449 1665 527 1741 ipsos
550 1663 638 1720 morti
659 1663 810 1721 offerentes
833 1682 944 1722 servare

104 1746 244 1822 cupimus,
257 1764 411 1821 eorumque
431 1764 484 1801 nos
500 1744 592 1820 magis
612 1743 735 1813 miseret,
748 1741 798 1819 qui
813 1750 942 1800 nostram

103 1825 327 1883 misericordiam
344 1844 403 1881 non
416 1824 572 1900 requirunt,
585 1842 671 1900 quam
685 1821 734 1900 qui
749 1822 827 1879 illam
838 1821 944 1900 efflagi-

104 1911 175 1976 tant,
188 1911 296 1982 quanto
310 1903 365 1960 hoc
386 1905 478 1980 magis
494 1904 524 1960 in
540 1902 705 1960 fortissimis
722 1901 832 1960 civibus
848 1901 944 1960 facere

105 1984 259 2042 debemusl
294 1989 340 2041 93.
357 1982 404 2040 Me
418 1983 542 2060 quidem,
553 1983 669 2054 iudices,
682 1983 845 2040 exanimant
859 1989 887 2039 et
902 1983 943 2039 in·

105 2063 243 2121 terimunt
262 2064 316 2121 hae
337 2081 421 2120 voces
438 2062 561 2134 Milonis,
577 2082 647 2140 quas
667 2063 753 2120 audio
774 2061 892 2119 adsidue
914 2070 943 2120 et
966 2104 969 2109 ·

106 2142 210 2219 quibus
235 2143 375 2201 intersum
403 2143 515 2201 cotidie.
556 2142 688 2213 Valeant,
708 2141 810 2219 inquit,
829 2141 944 2199 valeant

96 2223 181 2280 ⁴cives
196 2223 270 2280 mei:
293 2223 351 2281 sint
367 2223 532 2294 incolumes,
547 2223 605 2279 sint
621 2222 762 2293 florentes,
774 2222 832 2278 sint
847 2221 942 2279 beati:

106 2309 162 2360 stet
182 2302 252 2360 haec
273 2303 340 2360 urbs
360 2303 502 2380 praeclara
525 2302 654 2380 mihique
675 2303 768 2378 patria
789 2300 942 2372 carissima,

106 2402 222 2462 quoquo
236 2383 325 2440 modo
339 2385 393 2441 erit
406 2383 508 2440 merita
522 2382 558 2440 de
574 2400 636 2439 me:
659 2381 810 2458 tranquilla
825 2401 856 2438 re
872 2381 944 2459 pub

106 2462 160 2520 lica
173 2464 230 2520 mei
244 2464 327 2534 cives,
339 2463 474 2540 quoniam
487 2462 560 2519 mihi
575 2481 640 2519 cum
654 2461 711 2518 illis
723 2480 781 2517 non
796 2460 870 2532 licet,
881 2462 943 2519 sine

105 2561 153 2599 me
176 2543 239 2620 ipsi,
260 2543 310 2600 sed
332 2549 450 2618 propter
476 2562 523 2599 me
544 2549 641 2599 tamen
665 2541 862 2618 perfruantur:
887 2560 944 2617 ego

107 2622 206 2681 cedam
221 2629 306 2699 atque
317 2622 419 2679 abibo:
441 2621 465 2678 si
475 2621 547 2678 mihi
558 2621 634 2678 bona
647 2640 677 2678 re
691 2620 805 2698 publica
814 2620 873 2676 frui
883 2638 944 2676 non

107 2701 226 2772 licuerit,
244 2709 274 2759 at
294 2701 396 2759 carebo
416 2701 499 2773 mala,
515 2706 544 2757 et
565 2720 650 2777 quam
672 2701 798 2778 primum
819 2699 944 2776 tetigero

107 2779 179 2838 bene
197 2787 338 2838 moratam
356 2787 385 2837 et
400 2780 518 2837 liberam
539 2780 692 2851 civitatem,
707 2781 738 2837 in
758 2799 792 2838 ea
811 2779 946 2856 conquie

108 2879 191 2923 scam,
235 2865 281 2935 94.
298 2859 324 2918 O
341 2859 454 2931 frustra,
470 2860 572 2936 inquit,
588 2860 661 2917 mihi
678 2859 802 2937 suscepti
815 2859 944 2917 labores!

108 2938 135 2997 O
155 2959 219 3016 spes
239 2939 354 2996 fallaces
375 2945 404 2996 et
422 2939 610 3015 cogitationes
630 2940 729 2996 inanes
748 2939 845 2997 meael
880 2938 946 3015 Ego

108 3038 172 3083 cum
187 3018 319 3076 tribunus
335 3017 427 3095 plebis
442 3037 472 3074 re
489 3018 603 3094 publica
620 3038 755 3095 oppressa
769 3038 817 3076 me
833 3019 947 3076 senatui

109 3097 258 3169 dedissem,
269 3117 354 3175 quem
368 3097 540 3155 exstinctum
553 3117 723 3174 acceperam,
734 3098 879 3174 equitibus
888 3097 948 3156 Ro-

70 3177 196 3264 Q
214 3197 341 3266 quorum
365 3179 439 3240 vires
460 3186 544 3240 erant
569 3177 689 3250 debiles,
700 3177 793 3240 bonis
808 3178 891 3245 sins,
902 3179 957 3248 spu
