1988 3480
90 116 136 161 lus
285 113 355 163 PRO
372 114 401 162 1,.
416 112 570 163 MURENA
587 113 728 184 ultano.

88 217 266 295 praeditum:
289 224 411 293 putares,
427 237 492 274 eum
512 218 542 274 in
563 216 690 275 eiusdem
711 217 782 275 anni
800 217 945 279 custodia

88 305 117 354 te
131 306 215 374 atquc
227 296 257 353 L.
267 297 413 354 Murenam
425 298 542 354 fortuna
552 297 701 374 posuisset,
710 297 810 374 aliquo
822 306 857 357 te
872 319 942 358 cum

88 377 143 434 hoc
155 378 195 434 rei
206 376 336 454 publicae
347 377 460 434 vinculo
475 397 534 434 esse
548 378 749 435 coniunctum:
767 378 852 455 quod
863 388 937 437 atro

88 458 160 514 citer
178 457 207 513 in
227 466 326 513 senatu
345 457 590 523 (111111111111111
610 457 729 514 dixis5es
747 464 799 514 aut
818 477 941 536 seposu-

89 538 158 595 isses
172 547 221 595 aut
235 537 378 594 mitiorem
392 537 419 592 in
432 544 542 613 partem
557 537 780 613 interpretatore,
821 543 873 596 65.
893 539 940 596 Ac

89 628 117 675 tc
139 619 242 695 ipsum,
261 624 398 694 quantum
422 636 475 693 ego
498 617 632 693 opinione
655 636 785 694 auguror,
805 636 888 675 nunc
910 628 939 676 et

88 699 176 756 animi
189 697 313 775 quodam
326 697 435 773 impetu
450 698 624 753 concitatum
635 704 664 753 et
674 697 702 753 vi
713 704 831 754 naturae
846 704 940 775 atquc-

89 779 198 851 ingeuii
209 778 314 835 elatum
329 784 357 833 et
368 777 528 834 recentibus
538 783 753 853 praeceptorum
769 776 878 837 studiis
890 777 941 836 flu-

89 866 219 931 grantern
234 858 290 913 ianr
305 876 374 913 usus
388 855 491 925 flectet,
503 857 564 913 dies
579 856 672 925 leniet,
684 864 761 913 aetas
774 857 938 935 mitigabit.

90 937 229 994 Eteniur'
223 937 269 993 15ti
284 937 343 1028 ipsi
356 936 428 993 mibi
443 937 575 994 videntur
589 936 674 993 rostri
688 945 891 1014 praeceptores
911 950 940 997 et

90 1017 177 1072 virtut
180 1016 203 1071 is
217 1016 321 1092 magist
324 1036 346 1073 u
309 1016 428 1073 t'tines
442 1014 598 1073 officiorum
611 1017 706 1092 paullo
718 1017 832 1094 longius
845 1038 938 1112 quam

90 1103 139 1152 nat
141 1115 191 1151 ura
209 1095 293 1152 vellet
309 1102 375 1172 prot
363 1096 469 1163 tulisse,
485 1104 525 1166 ut,
540 1116 605 1153 cum
625 1096 661 1152 ad
681 1095 815 1153 ultimum
835 1101 938 1158 animo

90 1183 158 1233 cont
146 1175 342 1247 tendissemus,
357 1176 397 1232 ibi
414 1184 519 1245 tamen,
534 1176 582 1233 ubi
600 1183 752 1253 oporteret,
768 1178 939 1237 consistere

90 1275 161 1313 mus.
205 1255 311 1312 Nihil'
304 1257 454 1333 ignoveris.
498 1221 592 1312 Iinmo
613 1256 728 1333 aliquid,
744 1276 803 1313 non
824 1259 935 1317 omnia.

90 1335 170 1392 Nihil
185 1337 292 1413 gratiae
310 1356 393 1394 causa
409 1337 517 1393 feceris.
561 1335 655 1392 Immo
672 1336 796 1394 resistito
813 1338 935 1412 gratiae,

90 1435 154 1472 cum
170 1416 294 1473 officium
313 1424 341 1473 et
355 1416 426 1473 fides
439 1416 603 1493 postulabit.
647 1416 843 1474 Misericordia
856 1436 937 1474 corn·

89 1503 186 1552 motus
202 1515 238 1553 no
256 1496 300 1553 sis.
344 1497 447 1564 Etiam,
464 1497 491 1552 in
510 1494 691 1553 dissolvenda
709 1497 866 1567 severitate,
882 1497 936 1555 sed

89 1582 185 1633 tamen
201 1583 244 1632 est
254 1576 315 1632 laus
329 1576 423 1653 aliqua
436 1576 630 1633 humanitatis.
667 1575 700 1631 In
716 1576 858 1633 sententia
871 1595 937 1654 pcr-

89 1664 212 1713 maneto
255 1656 412 1726 111-11111
432 1656 602 1713 sententiam
623 1656 770 1713 sententia·
781 1655 878 1733 aliqua
893 1657 937 1714 vi·

90 1737 159 1792 cerit
170 1735 277 1792 melior.
312 1742 357 1792 66.
377 1735 595 1793 Huiuscemodi
607 1735 703 1811 Scipio
714 1734 761 1792 ille
771 1735 836 1806 fuit,
846 1756 934 1813 quem

90 1833 148 1870 non
165 1815 330 1890 paenitebat
346 1816 439 1872 facere
455 1816 541 1887 idem,
555 1816 632 1893 quod
648 1823 697 1872 tu:
719 1814 822 1872 habere
838 1816 936 1874 erudi-

90 1894 232 1950 tissimum
247 1893 394 1950 bominem
404 1895 578 1952 Panaetium
592 1895 688 1952 domi:
709 1895 788 1951 cuius
803 1895 935 1954 oratione

91 1979 119 2028 11
138 1973 304 2048 praeceptis,
321 1993 493 2051 quamquam
515 1982 595 2032 erant
616 1975 715 2032 eadem
734 1975 795 2045 ista,
812 1994 885 2051 quae
903 1982 955 2055 te·

90 2050 240 2122 delectant,
256 2058 352 2109 tamen
369 2055 495 2130 asperior
511 2075 568 2112 non
589 2062 632 2112 est
648 2055 750 2125 factus,
766 2055 823 2125 sed,
839 2060 873 2112 ut
889 2075 935 2113 ac·

90 2131 153 2208 cepi
171 2151 187 2187 a
204 2130 326 2203 senibus,
342 2132 510 2192 lenissimus.
553 2133 624 2202 Quis
641 2154 707 2192 vero
727 2134 758 2192 O.
771 2133 867 2191 Laelio
887 2155 934 2193 co-

89 2211 182 2268 mior?
207 2211 270 2287 quis
292 2211 451 2285 iucundior,
470 2216 571 2272 eodem
594 2235 628 2271 ex
651 2216 747 2272 studio
768 2215 842 2272 111111
867 2216 933 2293 quis

89 2290 139 2347 illo
157 2291 276 2368 gravior,
289 2293 463 2370 sapientior?
503 2295 625 2351 Possum
644 2294 679 2352 de
696 2294 727 2352 L.
740 2294 834 2364 Philo,
847 2294 883 2353 de
897 2295 930 2354 O.

90 2370 172 2428 Gallo
184 2371 276 2430 dicere
290 2373 359 2431 haec
374 2375 481 2446 eadem,
492 2376 542 2432 sed
553 2382 581 2432 te
593 2374 711 2432 domum
723 2375 779 2432 iam
791 2374 932 2432 deducam

90 2458 177 2509 tuam.
220 2451 436 2530 Quemquamne
457 2454 602 2512 existimas
623 2454 733 2512 Catone
753 2474 860 2531 proavo
879 2461 929 2513 tue

90 2532 323 2602 commodiorem,
344 2535 578 2604 communiorem,
600 2535 818 2592 moderatiorem
842 2534 932 2591 fuisso

90 2612 127 2668 ad
138 2631 252 2669 omnem
264 2614 403 2670 rationem
415 2614 546 2670 humanit
534 2615 617 2671 1111111
635 2614 670 2671 111
685 2615 764 2671 cuius
775 2614 932 2705 praestanti

90 2692 195 2748 virtute
212 2711 277 2748 cum
292 2712 355 2749 vere
372 2694 550 2770 graviterque
568 2694 682 2762 diceres
696 2694 885 2751 domesticum
902 2703 932 2751 11

90 2769 193 2828 habere
215 2772 311 2829 dixisti
289 2772 494 2849 texonrplum
513 2773 576 2829 ad'
569 2781 633 2830 11111
612 2774 748 2831 't.andum
792 2774 843 2830 Est
860 2773 933 2830 illud

91 2851 206 2926 quidem
225 2853 386 2929 exernpium
403 2852 458 2909 tibi
472 2853 602 2928 proposit
604 2873 651 2909 um
670 2853 758 2945 domi,
771 2854 846 2910 sedt
834 2860 930 2910 tamen

91 2938 206 2987 naturae
222 2932 379 2988 similitudo
391 2930 466 2987 illius
481 2931 556 2987 adt
528 2938 556 2987 c
570 2951 662 3008 maon5
663 2934 749 3009 ,qui
741 2933 931 2990 1111111111

45 3036 47 3040 ⁴
91 3029 247 3087 osquam
240 3011 276 3067 ad
291 3030 379 3067 umrm
392 3024 533 3087 quomque
548 3019 676 3068 nostrum
688 3013 835 3149 pervenire
849 3019 931 3089 potn-

91 3088 121 3155 it,
133 3091 168 3146 ui
181 3090 350 3146 imitandum
363 3109 428 3146 1111
440 3096 498 3146 tarn
511 3090 582 3147 mihi
593 3093 723 3184 proposit
721 3113 773 3148 um
788 3093 932 3169 exemplar

92 3168 190 3224 lilud
176 3177 219 3225 est
234 3189 279 3239 qu
280 3189 317 3224 rm
334 3168 394 3225 tibi.
438 3170 532 3226 Sedsr
548 3171 622 3228 1111111
639 3172 744 3229 comita
730 3180 804 3229 atem
821 3179 850 3229 et
864 3173 932 3230 faci
