1988 3480
97 121 130 170 58
254 117 294 167 nt
310 116 340 167 1¹.
355 114 558 167 CATILINAM
576 115 710 167 ORATIO
727 115 779 167 111.

96 221 186 281 tantis
205 220 246 278 rei
266 219 397 297 publicae
417 219 551 297 perieulis
570 239 631 278 esse
647 219 721 277 mihi
737 219 860 278 nimiam
876 221 947 280 dili·

97 302 223 377 gentiam
238 300 501 378 pertimescendam.
544 299 681 358 Senatum
697 300 878 377 frequentem
898 320 949 359 ce-

98 382 199 451 leriter,
216 389 248 438 ut
269 380 389 451 vidistis,
404 380 496 455 coegi.
540 386 565 437 8.
588 380 685 456 Atque.
708 380 817 437 interea
839 381 948 439 statim

97 461 248 518 adrnonitu
262 460 452 537 Allobrogum
469 460 501 517 C.
518 459 676 536 Sulpicium
694 467 864 536 praetorem,
880 461 946 519 for·

97 548 157 598 tenu
174 541 274 609 virum,
287 540 360 610 misi,
374 541 422 617 qui
440 560 474 597 cx
492 539 609 597 aedibus
626 540 756 617 Cethegi,
769 540 793 596 si
810 540 882 617 quid
899 548 943 599 te·

97 620 190 678 lorum
211 628 292 691 esset,
307 621 439 677 efferret:
460 639 494 677 ex
513 619 616 696 quibus
633 620 680 677 ille
696 620 855 677 maximum
869 620 934 679 sico

96 721 159 759 rum
174 719 326 760 nrunerum
339 707 369 757 et
381 699 542 775 gladiorum
557 699 666 756 extulit.
932 746 936 755 ,

137 781 189 840 IV.
205 781 356 838 Introduxi
367 780 551 838 Volturcium
566 779 626 837 sine
639 779 746 837 Galliac
764 779 852 837 fidem
866 779 944 857 pub-

96 860 180 918 licam
198 861 277 917 iussu
296 866 410 917 senatus
427 858 510 917 dedi:
532 859 662 917 hortatus
679 879 751 931 sum,
762 866 796 920 ut
812 878 854 930 ea,
864 879 945 937 quae

97 941 189 1010 sciret,
208 941 268 997 sine
289 939 393 996 timore
416 939 565 996 indicaret
605 939 681 996 Tum
702 939 749 997 ille
770 939 852 1011 dixit,
869 958 942 997 cum

97 1021 144 1076 rix
162 1040 191 1077 sc
208 1040 242 1077 ex
263 1039 369 1096 magno
385 1019 488 1077 timore
505 1026 664 1091 recreasset,
680 1040 697 1077 a
717 1019 749 1077 P.
763 1019 886 1077 lentulo
906 1040 945 1078 se.

96 1099 201 1157 habere
215 1100 253 1158 ad
266 1099 419 1156 Catilinam
433 1100 568 1156 mandata
579 1107 608 1157 et
618 1100 735 1170 litteras,
744 1107 777 1157 ut
791 1118 940 1157 semorum

97 1180 239 1257 praesidio
257 1187 390 1251 uteretur,
403 1186 435 1236 ut
452 1180 489 1236 ad
505 1179 604 1237 urbem
622 1199 708 1257 quam
725 1180 850 1256 primum
869 1198 942 1238 cum

97 1261 223 1318 exercitu
247 1260 408 1319 accederet:
433 1260 464 1317 id
486 1267 582 1317 autem
606 1279 641 1317 eo
665 1259 793 1331 consilio,
810 1266 851 1331 ut,
869 1279 941 1318 oum

96 1341 196 1398 urbem
208 1361 242 1398 er
253 1341 388 1399 omnibus
398 1338 536 1417 partibus,
546 1359 630 1416 quem
642 1339 808 1397 admodum
820 1339 934 1418 discrip-

96 1428 160 1478 tum
171 1421 414 1498 distributumque
427 1426 494 1490 erat,
506 1420 699 1477 incendissent
709 1419 881 1498 eaedemque
895 1421 935 1477 in

96 1501 207 1559 finitam
225 1502 329 1559 civium
346 1501 490 1571 fecissent,
502 1507 618 1576 praesto
632 1507 705 1557 esset
721 1500 769 1557 ille
786 1500 836 1576 qui
849 1506 879 1557 et
892 1501 940 1559 fu·

96 1582 207 1658 gientes
224 1582 366 1659 exciperet
380 1587 408 1638 et
423 1600 452 1638 se
467 1599 533 1637 cum
548 1580 593 1637 his
606 1580 722 1637 urbanis
736 1579 857 1637 ducibus
870 1598 939 1637 con-

96 1662 235 1739 iungeret.
278 1668 303 1720 9.
326 1661 488 1718 introducti
509 1668 603 1718 autem
625 1660 700 1717 Galli
718 1661 764 1716 ius
784 1658 939 1718 iurandum

97 1742 151 1799 sibi
166 1749 195 1800 et
209 1742 317 1799 litteras
331 1741 367 1798 ab
382 1740 512 1811 Lentule,
525 1740 662 1817 Cethego,
675 1740 791 1798 Statilio
803 1739 841 1796 ad
855 1758 939 1797 suam

96 1829 212 1895 gentem
227 1822 309 1878 datas
323 1839 383 1877 esse
397 1820 538 1890 dixerunt,
551 1829 636 1897 atque
647 1821 688 1877 ita
701 1820 756 1877 sibi
770 1820 806 1877 ab
819 1819 866 1876 his
879 1826 910 1877 et
919 1839 945 1878 a.

97 1900 127 1958 L.
136 1901 235 1957 Cassio
252 1919 312 1956 esse
328 1900 545 1976 praescriptum,
556 1908 589 1957 ut
603 1901 762 1978 equitatum
777 1901 807 1957 iu
822 1899 942 1960 ltaliam

97 1999 182 2056 qnam
199 1980 325 2055 primum
342 1979 505 2036 mitterent:
526 1980 671 2056 pedestres
688 1980 742 2037 sibi
759 1981 856 2058 copias
877 1999 937 2038 non

96 2060 258 2117 defuturas:
277 2058 430 2118 Lentulum
445 2065 541 2116 autem
556 2059 610 2117 sibi
624 2059 804 2118 confirmasse
818 2080 852 2117 ex
867 2060 940 2119 fatis

97 2139 245 2216 Sibyllinis
257 2138 498 2217 haruspicumque
512 2140 655 2216 responsis
669 2159 700 2196 se
712 2159 776 2196 esse
786 2140 867 2197 illum
880 2148 941 2198 ter-

96 2220 169 2277 tium
185 2218 359 2291 Cornelium,
371 2219 408 2277 ad
423 2239 507 2297 quem
523 2239 642 2296 regnum
656 2219 741 2278 huius
755 2220 833 2277 urbis
850 2226 940 2297 atque

96 2299 249 2376 imperium
265 2300 412 2376 pervenire
429 2306 503 2358 esset
522 2318 653 2357 neeesse:
675 2299 797 2356 Cinnam
819 2306 885 2357 ante
906 2318 944 2358 se

96 2386 125 2437 et
142 2379 249 2437 Sullam
267 2380 373 2438 fuisse:
395 2381 575 2457 eundemque
595 2379 702 2437 dixisse
720 2379 837 2437 fatalem
858 2379 943 2438 hune

96 2479 156 2517 esse
173 2479 279 2517 annum
297 2460 334 2517 ad
350 2460 498 2518 interitum
516 2461 601 2517 huius
617 2460 695 2517 urbis
712 2466 798 2536 atque
813 2459 937 2536 imperii,

97 2541 146 2616 qui
171 2548 243 2598 esset
267 2560 359 2598 annus
379 2541 507 2598 decimus
527 2546 594 2616 post
614 2540 758 2616 virginum
783 2539 938 2597 absolutio,-

97 2639 171 2689 mun,
179 2628 246 2696 post
254 2620 390 2725 Capitolii
400 2628 496 2679 autem
504 2619 864 2677 incensionemvicosimus.
889 2625 937 2677 10.

96 2700 179 2755 llane
189 2707 284 2757 autem
294 2701 423 2776 Cethego
433 2720 498 2757 cum
508 2700 608 2756 ceteris
617 2700 837 2756 controuersiam
847 2699 939 2757 fuisse

96 2780 237 2850 (linxerunt,
251 2780 328 2856 quod
346 2780 467 2837 Lentulo
485 2787 513 2836 et
530 2779 593 2836 aliis
607 2778 803 2836 Saturnalibus
820 2779 940 2836 eaedem

96 2858 156 2916 lieri
174 2866 259 2936 atque
276 2860 375 2916 urbem
392 2860 508 2917 incendi
524 2859 656 2934 placeret,
667 2858 795 2933 Cethego
813 2860 937 2915 nimium

97 2939 127 2995 id
138 2940 256 3009 longum
269 2940 417 2996 videretur.
455 2940 491 2996 V.
504 2938 548 2994 lle
562 2958 598 2996 nc
612 2939 730 3015 longum
746 2940 791 3009 sit,
801 2939 941 3010 eriritcs,
989 2965 991 2969 ·

96 3001 214 3075 tabellas
227 3020 348 3096 proferri
367 3019 508 3088 iussimus,
522 3038 593 3094 qum
610 3038 627 3074 a
642 3039 754 3095 quoque
769 3019 936 3075 dicebantur

97 3099 186 3155 datae.
230 3100 328 3156 Primo
343 3098 521 3155 ostendimus
535 3098 666 3174 Cethego
681 3099 817 3174 signum:
839 3115 938 3165 cogno

88 3178 131 3233 rr't
170 3177 234 3236 Nos
247 3179 344 3238 linum
352 3179 531 3242 incidimus:
555 3180 694 3257 legimus.
729 3173 971 3243 attestantem.
