1988 3480
101 120 134 165 82
297 115 367 165 l'llO
383 114 413 165 L.
428 114 582 165 italiana
597 114 745 165 ORATIO.

103 216 229 275 leramlis
250 235 306 273 uon
328 216 499 293 impertiam.
541 214 616 273 Nam
637 234 703 273 eum
725 218 869 293 praemia
887 218 953 277 mihi

103 305 182 354 truita
203 315 255 372 pro
275 296 326 353 liae
346 296 485 353 imlustria
504 296 563 353 sint
578 294 654 365 data,
666 302 780 372 quanta
797 305 894 357 anem
912 318 954 357 m,

104 377 183 443 mini,
199 376 213 449 l
230 376 270 433 sie
287 384 316 433 et
332 376 356 433 si
373 376 489 452 reperis,
501 395 558 443 eos,
570 394 636 431 euru
656 374 784 451 adeptus
802 378 858 449 sia,
870 378 909 437 de

104 476 177 521 uere,
195 464 268 513 (iuuit
283 455 408 512 hominis
424 463 454 512 et
469 455 556 513 astuti
573 462 602 511 et
616 454 729 531 ingrati.
767 462 805 514 ’9.
823 398 954 527 Quosllii

103 536 169 592 lieet
184 535 319 599 (lennem,
332 536 354 591 si
370 542 399 591 te
413 544 528 591 arretore
542 552 668 611 promum,
680 535 705 591 si
722 535 806 595 nulla
820 538 951 609 inertiae,

104 616 181 672 rmlla
197 615 344 692 surperbiae
360 614 518 691 turpitudo,
531 613 608 671 nulla
624 614 854 675 inhumanitatis
870 618 952 695 eulpa

104 696 263 771 surseipitur,
276 714 330 769 ego
344 712 410 751 vero
425 693 545 751 libenter
558 694 666 751 desino.
702 694 755 751 Sin
766 702 872 753 antem
882 698 952 775 fuga

105 775 208 831 laboris
232 774 379 844 desidiam,
399 773 561 850 repudiatio
584 773 746 850 supplicum
770 776 950 853 superbiam,

103 856 258 911 arrueorum
274 853 415 927 neglectio
429 852 643 929 improbitatem
657 853 799 929 coarguit,
808 856 950 915 nimirum

103 933 172 989 haee
181 952 264 988 (auersa
274 940 317 989 est
328 933 388 989 eius
399 933 486 1001 modi,
498 952 583 1009 quam
595 951 646 989 nee
657 932 818 991 industrius
831 953 889 993 nae
900 936 950 993 mi·

104 1012 221 1068 serieors
232 1030 283 1068 nee
294 1011 436 1069 officiosus
447 1012 574 1070 deserere
584 1013 683 1090 possit.
715 1011 817 1089 Atque
827 1013 950 1075 huiusne

104 1092 143 1148 rei
158 1092 349 1148 eonieeturam
364 1092 400 1149 de
413 1099 464 1149 tuo
479 1093 569 1169 ipsius
583 1092 688 1163 studio,
699 1091 789 1163 Servi,
807 1093 949 1153 facillima

104 1172 218 1247 coperia
254 1170 330 1227 Nam
344 1172 369 1227 si
382 1171 436 1228 tibi
451 1191 564 1229 neeesse
577 1179 662 1249 putas
675 1172 762 1229 etiam
776 1173 949 1233 adversariis

103 1252 260 1309 anticorum
276 1258 391 1308 tuorum
407 1251 442 1309 de
457 1251 517 1308 iure
534 1251 748 1309 consulentibus
761 1254 946 1330 respondere,

103 1340 132 1389 et
147 1333 170 1388 si
186 1340 270 1409 turpe
287 1332 432 1389 existimas
445 1338 475 1387 te
491 1331 630 1388 advocato
644 1331 725 1389 illurn
739 1332 846 1409 ipsum,
858 1353 947 1412 quem

103 1419 202 1469 eontra
218 1412 335 1481 veneris,
351 1430 435 1467 eausa
451 1410 560 1482 eadere,
575 1411 636 1468 noli
652 1417 712 1468 tam
731 1431 792 1469 esse
809 1413 946 1485 iniustus,

103 1499 143 1559 ut,
156 1511 221 1548 ourn
238 1492 281 1548 tui
298 1490 395 1547 fontes
411 1490 454 1547 vel
472 1491 597 1547 inimicis
613 1490 672 1547 tuis
687 1498 813 1568 pateant,
829 1502 948 1553 nostros

103 1572 190 1629 etiam
211 1571 309 1628 amieis
329 1577 413 1647 putes
434 1570 544 1627 elausos
565 1590 625 1627 esse
646 1577 785 1648 oportere.
830 1577 877 1631 lu.
896 1572 948 1631 Et·

103 1653 179 1709 enim
197 1653 221 1709 si
238 1671 284 1709 me
298 1658 348 1708 tua
361 1650 541 1708 familiaritas
555 1650 591 1707 ab
604 1650 658 1707 hae
675 1669 759 1707 eausa
775 1652 947 1711 removisset

103 1740 132 1789 et
153 1733 176 1788 si
197 1732 252 1788 hoo
274 1731 350 1788 idem
372 1730 405 1798 Q„
419 1729 576 1788 Hortensio
598 1729 636 1788 M.
649 1729 761 1801 Crasso,
778 1731 948 1791 clarissimis

103 1812 178 1882 viris,
190 1812 214 1867 si
228 1812 298 1867 item
312 1811 420 1880 eeteris,
433 1829 450 1867 a
464 1810 568 1887 quibus
581 1809 711 1886 intelligo
725 1817 806 1868 tuam
818 1812 946 1887 gratiam

103 1890 201 1965 magni
218 1889 368 1957 aestimari,
381 1890 537 1961 accidisset,
550 1891 579 1947 in
597 1910 630 1947 ea
646 1890 762 1948 civitate
778 1891 880 1949 consul
896 1891 948 1951 de-

104 1969 231 2044 signatus
245 1968 423 2025 defensorem
438 1989 497 2026 non
510 1970 635 2041 haberet,
648 1970 678 2027 in
693 1990 749 2047 qua
762 1970 872 2027 nemini
882 1990 948 2029 um-

104 2067 189 2124 quam
205 2046 303 2104 infimo
320 2048 442 2106 maiores
458 2050 549 2107 nostri
563 2057 717 2128 patronum
734 2051 831 2107 deesse
848 2050 948 2109 volue-

104 2134 177 2184 runt.
220 2127 283 2203 Ego
300 2146 375 2199 vero,
386 2129 501 2200 iudices,
515 2130 576 2207 ipse
592 2150 638 2188 me
656 2131 847 2188 existimarem
864 2130 948 2189 nefa-

103 2208 186 2275 rimn,
197 2207 220 2263 si
234 2207 335 2280 arnico,
345 2209 495 2281 emdelem‚
506 2210 530 2268 si
543 2211 657 2282 misero,
669 2209 831 2287 superbum,
841 2209 866 2266 si
876 2228 947 2269 eon·

104 2287 158 2344 suli
172 2287 335 2346 defuissem.
375 2288 438 2358 Qua
454 2310 484 2347 re
499 2291 577 2368 quod
591 2290 718 2348 dandum
733 2296 776 2346 est
789 2289 944 2361 amicitiae,

104 2368 180 2445 large
197 2367 311 2427 dabitur
327 2389 344 2426 a
357 2388 411 2440 me,
424 2377 457 2427 ut
471 2376 566 2426 tecum
580 2389 672 2446 agam,
685 2369 773 2441 Servi,
784 2388 844 2426 uon
860 2388 945 2427 seeus

103 2468 135 2506 ae
153 2449 176 2505 si
193 2469 273 2506 meus
290 2456 363 2506 esset
379 2449 475 2519 frater,
489 2448 538 2525 qui
555 2449 627 2505 mihi
644 2457 687 2507 est
702 2449 872 2519 carissimus,
884 2448 943 2507 isto

104 2530 132 2586 iu
148 2530 227 2587 loeo:
250 2529 328 2606 quod
341 2527 527 2587 tribuendam
542 2534 585 2584 est
598 2528 700 2600 officio,
713 2529 788 2599 fidei,
800 2528 943 2604 religioni,

104 2609 133 2665 id
145 2609 185 2665 ita
194 2609 371 2679 moderabor,
383 2616 417 2666 nt
430 2607 610 2664 meminerim
620 2627 667 2664 me
681 2615 780 2665 eontra
789 2607 875 2664 amiei
884 2613 943 2665 stu·

104 2687 183 2743 dium
198 2707 250 2762 pro
264 2688 348 2745 amici
363 2686 489 2765 periculo
504 2684 604 2742 dicere.

144 2765 180 2822 V.
218 2772 263 2824 11.
282 2767 426 2843 intelligo,
442 2765 558 2834 iudices,
570 2772 628 2822 tres
644 2767 734 2824 totius
752 2766 944 2825 aecusationis

103 2851 197 2921 partes
213 2846 302 2904 fuisse
319 2853 348 2903 et
362 2864 459 2903 earum
476 2863 564 2901 unam
577 2844 607 2900 in
624 2846 842 2921 reprehensione
856 2847 943 2917 vitae,

103 2925 220 2982 alteram
234 2926 264 2982 in
280 2924 464 2983 contentione
478 2923 635 2999 diguitatis,
645 2926 758 2982 tertiam
773 2927 803 2983 in
817 2926 942 2983 orimini‘

103 3003 156 3060 bus
167 3005 291 3062 ambitus
302 3024 362 3062 esse
374 3010 520 3061 versatam.
555 3002 653 3081 Atque
667 3005 767 3061 harum
782 3007 868 3062 trium
880 3025 942 3083 par-

104 3083 177 3139 tium
199 3085 292 3160 prima
313 3083 369 3154 illa,
388 3101 460 3160 quae
473 3082 646 3157 ¹gravissima
670 3084 792 3142 debebat
814 3106 882 3156 esse,
901 3087 942 3143 ita

103 3161 160 3217 fuit
172 3162 284 3219 infirma
297 3169 326 3218 et
335 3162 413 3231 levis,
423 3169 456 3219 nt
471 3161 534 3218 illos
544 3161 588 3218 ler
603 3164 694 3236 magis
709 3165 848 3232 quaedam
862 3185 941 3222 aceu-
