1988 3480
72 118 103 166 ta
230 114 268 166 la
285 115 315 164 L.
330 114 533 165 CATILINAM
550 113 685 167 ORATIO
701 114 753 167 lv.

72 215 196 291 singulas
212 216 299 273 unius
315 216 452 295 cuiusque
469 222 599 275 nostrum
615 216 719 275 domos
735 224 767 276 et
779 216 845 279 hoc
861 222 925 281 uni·

72 316 184 353 versum
205 295 392 373 reipublicae
413 297 591 355 domicilium
608 296 702 355 delere
721 299 826 358 conati
843 308 922 375 sunt,

73 376 169 453 quiid
190 385 317 450 egerunt,
330 385 362 434 ut
382 385 497 449 pentem
519 376 708 453 Allobrogum
730 377 762 436 in
783 381 923 459 vestigiis

72 456 157 513 huius
174 457 251 513 urbis
271 464 356 534 atque
374 458 403 513 in
421 457 513 513 cinere
532 456 680 534 deflagrati
697 457 815 535 imperii
833 462 923 521 colle·

72 543 176 607 carent,
192 537 215 593 si
233 536 475 595 vehementissimi
491 537 639 606 fuerimus,
650 537 856 599 misericordes
872 540 921 601 hs·

72 616 219 675 bebirnnr:
245 618 289 674 siu
310 616 483 675 remissiores
507 636 567 674 esse
587 616 769 689 voluerimus,
785 638 920 681 summac

71 697 155 754 nobis
169 697 344 755 crudelitatis
359 697 388 754 in
399 697 508 773 patriae
522 696 684 774 civiumque
694 698 823 774 pernicie
837 701 921 759 sarna

72 778 221 835 subeunda
241 784 291 835 est.
336 783 380 835 13,
397 776 462 833 Nisi
478 796 545 834 vero
559 777 683 854 cuipiam
700 776 731 835 L
741 776 860 851 Caesar,
875 781 921 839 vir

72 858 246 914 fcrrtissirnus
267 865 296 914 et
316 857 528 914 amantissimus
551 857 593 914 rei
616 856 756 933 publicae,
771 859 921 919 crudelior

71 937 177 993 nudius
198 937 299 994 tertius
316 937 392 994 visus
413 943 463 1006 est,
479 956 545 994 cum
570 936 673 993 sororis
697 956 771 1008 suae,
787 938 919 999 feminae

72 1016 249 1087 lectissimae,
262 1017 353 1073 virum
368 1024 546 1093 praesentem
563 1024 592 1074 ct
606 1016 770 1075 audientem
783 1018 847 1075 vita
859 1020 919 1097 pri·

72 1097 197 1153 vandum
218 1116 278 1154 csse
299 1097 381 1168 dixit,
393 1115 457 1154 curn
479 1116 564 1154 avum
585 1116 668 1153 suurn
689 1097 767 1153 iussu
788 1099 919 1157 consulis

72 1177 257 1235 interfectum
281 1176 429 1254 filiumque
452 1176 513 1234 cius
537 1176 723 1253 impuberem,
743 1176 874 1253 legatum
899 1198 918 1238 a

72 1267 152 1334 patre
169 1258 297 1328 missum,
312 1258 342 1314 in
360 1276 468 1314 earcere
485 1264 618 1314 necatum
635 1275 695 1314 esse
712 1256 793 1315 dixit
837 1256 918 1327 Quo-

72 1358 135 1395 rnm
151 1339 229 1415 quod
246 1338 337 1395 similc
354 1338 482 1394 factumi
503 1337 581 1413 qnod
597 1337 700 1394 initum
718 1336 856 1396 delendae
872 1340 917 1398 rei

72 1418 205 1495 publicae
219 1418 389 1475 consiliuml
425 1416 599 1492 Largitionis
613 1416 743 1474 voluntas
756 1423 820 1474 tum
834 1418 866 1475 in
883 1438 917 1479 re

72 1498 187 1575 publica
208 1505 318 1556 versata
338 1505 381 1556 cst
401 1504 430 1555 et
450 1498 576 1574 partium
597 1497 737 1574 quaedam
754 1499 914 1558 contentio.

71 1579 170 1657 Atque
191 1598 225 1637 co
246 1585 376 1656 tempore
396 1579 481 1636 huius
501 1598 571 1636 avus
594 1577 716 1649 Lentuli,
730 1577 775 1634 vir
794 1576 917 1637 clarissi-

71 1679 144 1732 mus,
160 1667 286 1718 armatus
302 1660 463 1718 Gracchum
482 1666 526 1717 est
541 1665 713 1736 persecutus
755 1656 807 1714 Ille
823 1658 915 1717 etiam

71 1759 157 1813 grase
171 1747 234 1798 tum
249 1740 351 1797 vulnus
365 1739 531 1816 accepitne
546 1738 662 1816 quidde
677 1757 788 1794 summa
799 1756 830 1794 re
840 1737 917 1815 pnb-

72 1818 126 1875 lica
140 1820 368 1877 deminueretur:
390 1818 437 1874 hie
453 1818 491 1875 ad
504 1818 656 1876 evertenda
669 1817 859 1874 fundamenta
870 1819 915 1877 rei

71 1897 203 1974 publicae
223 1897 322 1955 Gallos
342 1897 465 1967 arcessit,
477 1898 592 1956 servitia
612 1898 745 1969 concitat,
757 1892 914 1956 Catilinam

73 1984 163 2047 vocat,
176 1977 309 2034 attribuit
329 1995 382 2033 nos
403 1977 587 2036 trucidandos
608 1977 737 2054 Cethego
758 1984 787 2035 et
803 1983 915 2036 ceteros

73 2057 148 2115 cives
170 2056 383 2115 interficiendos
403 2057 535 2129 Gabinio,
553 2058 653 2116 urbem
678 2057 913 2115 inflammandam

73 2135 180 2208 Cassio,
191 2136 303 2194 ltaliam
317 2144 409 2195 totam
424 2138 588 2197 vastandam
600 2137 847 2215 diripiendamque
859 2137 915 2196 Oa·

72 2217 178 2274 tilinac.
214 2217 381 2275 Vercamini
395 2238 505 2290 censeo,
515 2238 551 2276 ne
563 2218 592 2275 in
603 2218 659 2275 hoe
674 2218 776 2275 scelere
789 2224 850 2275 tam
860 2218 915 2275 im-

72 2296 151 2353 mani
168 2302 277 2354 actam
293 2299 420 2356 nefando
437 2299 523 2357 nimis
539 2298 648 2375 aliquid
666 2318 759 2356 severe
781 2298 914 2357 statuisse

73 2376 243 2434 videamini:
265 2377 460 2455 multomagis
474 2386 517 2437 est
527 2379 682 2436 verendum
696 2398 733 2435 nc
747 2378 915 2437 remissione

73 2475 182 2532 poenae
193 2458 363 2516 crudeliores
377 2459 407 2515 in
418 2459 540 2535 patriam
553 2478 638 2535 quam
649 2477 685 2515 nc
696 2459 845 2515 severitate
855 2458 915 2515 ani·

73 2537 279 2595 madversionis
295 2539 382 2595 nimis
395 2538 578 2597 vehementes
592 2538 622 2596 in
639 2538 836 2596 acerbissimos
848 2537 914 2595 hos-

73 2622 117 2672 tes
130 2617 219 2675 fnisse
233 2618 394 2676 videamini.

114 2695 181 2754 VII.
220 2701 265 2754 14.
282 2697 339 2755 Sed
353 2719 394 2769 ea,
408 2718 479 2776 quae
497 2699 627 2769 exaudio,
639 2704 734 2775 patres
748 2697 912 2774 conscripti,

74 2774 252 2833 dissimulare
264 2796 322 2834 non
333 2798 457 2855 possum.
492 2778 637 2837 iaciuntur
651 2779 728 2836 enim
740 2798 830 2848 voces,
842 2797 914 2855 quac

74 2855 244 2931 perveniunt
257 2856 294 2913 ad
308 2877 389 2915 aures
399 2879 484 2931 meas,
497 2879 604 2930 eorum,
618 2860 667 2935 qni
682 2859 770 2917 vcrcri
781 2859 916 2915 videntur

75 2942 107 2991 ut
120 2935 241 2992 habeam
259 2937 327 2994 satis
340 2940 474 3015 praesidii
491 2940 527 2995 ad
545 2959 670 3015 eaquae
687 2959 738 2996 vos
752 2938 915 3013 ⁸statueritis

75 3012 214 3073 hodierno
229 3016 284 3086 alie,
296 3020 489 3095 transigunda.
532 3019 638 3077 Omnia
654 3026 683 3077 ct
697 3020 811 3095 provisa
825 3026 853 3075 et
868 3038 916 3094 pa·

74 3100 136 3150 rata
156 3102 185 3151 et
206 3097 362 3155 constituta
382 3107 456 3170 sunt,
472 3106 566 3176 patres
587 3099 749 3175 conscripti,
764 3118 830 3155 cum
851 3117 916 3155 mea

76 3191 187 3230 summa
197 3193 264 3232 cura
275 3183 359 3252 atque
371 3177 520 3253 diligentia
530 3185 591 3236 tum
603 3179 690 3238 etiam
704 3177 797 3236 multo
807 3178 916 3236 maiore
