1988 3480
77 110 109 158 62
235 107 274 157 IN
293 106 323 156 L.
338 104 543 157 CATILINAM
557 106 691 160 oacrio
706 107 758 159 111.

77 217 263 286 senatumque
277 227 414 266 converso
428 209 525 267 onmia
540 203 583 284 [et
593 217 707 269 senatus
720 216 750 268 et
760 207 837 290 vos],
849 230 930 291 quau

77 298 158 347 erant
174 289 300 365 cogitata
316 297 416 347 contra
432 289 551 347 salutem
573 291 713 361 omnium,
727 289 876 350 illustrata
898 300 928 352 et

78 369 222 447 patefacta
242 369 361 427 vidistis.
405 376 451 426 22.
471 368 536 438 Quo
553 371 639 427 ctiam
658 370 764 429 maiore
785 378 858 429 sunt
875 372 928 433 isti

78 450 146 507 odio
161 449 357 526 supplicioque
368 448 458 526 digni,
471 450 520 525 qui
535 469 592 506 non
607 450 700 507 solum
715 450 817 509 vestris
828 451 928 511 domi-

78 529 150 586 ciliis
171 537 256 606 atquc
276 529 367 599 tectis,
380 529 430 586 scd
447 530 532 586 ctiam
554 529 674 586 deorum
694 529 812 606 templis
832 538 927 609 atquc

78 609 202 667 delubris
223 616 290 666 sunt
306 609 436 666 funestos
456 628 489 665 ac
510 608 634 666 nefarios
654 610 734 687 ignes
750 609 858 668 inferre
877 631 927 671 co

77 690 145 747 nati.
188 688 299 758 Quibus
320 708 373 763 ego
395 689 417 745 si
443 708 489 746 mc
513 689 649 746 restitisse
673 689 776 760 dicam,
794 690 925 749 nimium

78 769 149 826 milri
168 788 277 826 sumam
296 777 324 826 ct
338 787 396 824 non
414 768 467 825 sim
482 769 635 826 ferendus:
657 769 713 839 ille,
725 769 773 827 illc
787 768 925 847 Iuppiter

78 849 199 906 restitit:
221 848 267 904 illc
285 847 469 924 Capitolium,
482 849 528 906 ille
549 849 618 906 haec
639 848 755 925 templa,
766 849 814 907 illc
835 868 926 909 cunc·

78 936 137 986 tam
160 927 267 997 urbem,
279 927 326 983 illc
343 947 394 984 vos
415 948 514 986 omncs
535 930 626 987 salvos
645 948 705 987 esse
722 928 820 987 voluit.
863 929 925 990 Dis

79 1027 132 1083 ego
147 1007 356 1064 immortalibus
370 1007 490 1065 ducibus
504 1008 577 1066 lianc
591 1016 718 1066 mentem
730 1008 925 1069 voluntatem-

79 1108 134 1164 que
146 1087 264 1163 suscepi,
275 1095 360 1164 atque
371 1087 485 1146 adhaec
496 1095 576 1146 tanta
587 1088 692 1146 indicia
700 1089 824 1166 perveni.
856 1088 923 1149 Iam

79 1187 145 1225 vcro
160 1166 208 1224 illa
221 1167 411 1244 Allobrogum
427 1169 610 1226 sollicitatio.
627 1213 634 1226 .
650 1213 657 1226 .
673 1169 730 1226 iam
745 1168 780 1226 ab
794 1167 923 1229 lentulo

79 1247 235 1324 ceterisque
252 1248 416 1305 domesticis
435 1248 566 1306 hostibus
582 1256 641 1306 tam
659 1249 806 1307 dementer
821 1255 923 1309 tantae

79 1348 123 1386 res
140 1328 263 1386 creditae
280 1337 308 1386 et
326 1329 433 1404 ignotis
450 1336 478 1385 et
493 1328 619 1385 barbaris
636 1329 861 1407 commissaeque
874 1329 922 1389 lit-

79 1416 154 1465 turae
167 1428 323 1485 numquam
339 1416 432 1466 essent
446 1409 585 1485 profecte,
598 1409 654 1465 nisi
664 1409 700 1466 ab
714 1410 759 1466 dis
773 1410 921 1468 immorta-

80 1488 154 1545 libus
171 1488 237 1545 huic
254 1496 349 1546 tantae
366 1489 499 1546 audaciae
517 1489 667 1546 consilium
688 1496 762 1547 esset
778 1496 919 1566 ereptum.

79 1568 157 1637 Quid
168 1570 252 1627 verul
272 1577 305 1626 ut
320 1569 450 1626 homines
461 1569 536 1626 Galli
550 1589 584 1626 ex
599 1569 713 1627 civitate
724 1568 797 1626 male
808 1576 919 1645 pacata,

80 1670 151 1726 quae
168 1669 237 1727 gens
258 1669 315 1707 una
334 1657 420 1707 restat
437 1666 509 1727 quae
529 1649 635 1707 bellum
656 1649 764 1726 populo
785 1648 920 1708 Romano

79 1730 172 1786 facere
189 1737 218 1787 et
234 1749 317 1807 posse
334 1737 363 1787 et
379 1749 438 1787 non
459 1730 534 1787 nolle
551 1729 688 1800 videatur,
704 1748 785 1806 spem
804 1729 920 1806 imperii

80 1828 112 1865 ac
126 1829 219 1866 rerum
237 1809 476 1885 amplissimarum
491 1809 566 1866 ultro
583 1809 638 1867 sibi
652 1829 669 1866 a
685 1808 812 1886 patriciis
827 1807 919 1868 homi·

80 1888 164 1944 nibus
181 1887 306 1944 oblatam
322 1887 500 1963 negligerent
521 1896 699 1966 vostramque
720 1888 840 1947 salutem
860 1890 920 1948 suis

68 1966 183 2042 opibus
204 1973 417 2042 anteponerent,
437 1967 467 2023 id
487 1987 546 2025 uon
567 1969 704 2026 divinitus
726 1969 836 2026 factum
858 1988 920 2028 csse
987 2037 990 2041 ,

80 2046 206 2122 putatisl
220 2046 392 2121 'pracsertim
410 2047 459 2123 qui
480 2067 532 2105 nos
553 2068 610 2106 non
628 2049 792 2126 pugnando
808 2049 858 2108 sed
878 2056 919 2108 ta-

81 2126 171 2183 cendo
186 2145 317 2201 superare
331 2127 495 2203 potuerintl

69 2253 90 2287 0
122 2205 157 2262 X.
195 2211 241 2262 23.
260 2204 353 2274 Quam
372 2206 410 2263 ob
426 2226 495 2274 rem,
508 2207 640 2279 Quirites,
654 2210 789 2286 quoniam
806 2209 843 2266 ad
860 2228 918 2267 om·

81 2286 128 2342 nia
138 2285 297 2362 pulvinaria
308 2286 478 2363 supplicatio
487 2289 600 2346 decreta
610 2297 660 2359 est,
673 2289 843 2347 celebratote
854 2287 919 2345 illos

81 2365 142 2422 dios
159 2385 224 2423 cum
242 2367 413 2443 coniugibus
429 2388 461 2426 ac
478 2368 575 2425 liboris
591 2370 698 2426 vestris,
742 2369 817 2426 Nam
834 2368 918 2427 multi
966 2400 972 2445 2

81 2465 163 2522 saepe
180 2446 303 2503 honores
320 2447 365 2504 dis
381 2448 590 2506 immortalibus
607 2449 674 2506 iusti
692 2448 783 2506 habiti
803 2456 870 2506 sunt
885 2468 919 2507 ac

81 2526 179 2598 debiti,
190 2527 240 2584 scd
250 2527 381 2603 profecto
392 2528 523 2586 iustiores
534 2548 698 2605 numquam.
730 2529 831 2606 Erepti
841 2529 918 2586 enim

81 2606 149 2662 estis
165 2625 200 2663 cx
217 2606 412 2664 crudelissimo
429 2627 461 2665 ac
478 2609 637 2665 miserrimo
651 2609 769 2665 interitu
784 2615 813 2666 ct
827 2608 917 2684 erepti

81 2684 142 2741 sinc
159 2685 252 2758 caede,
264 2687 324 2744 sinc
342 2689 486 2763 sanguine,
500 2688 559 2744 sine
581 2689 713 2758 exercitu,
726 2688 786 2745 sine
803 2688 916 2746 dimica·

81 2761 176 2821 tione:
198 2767 290 2841 togati
307 2786 353 2824 me
371 2786 427 2825 uno
445 2775 544 2843 togato
561 2767 678 2824 duccct
692 2767 863 2843 imperatore
880 2768 917 2824 vi·

82 2843 167 2900 cistis.
211 2850 257 2902 24.
273 2845 388 2903 Etenim
409 2847 605 2918 recordamini,
618 2846 751 2918 Quirites,
764 2867 865 2904 omnes
883 2848 918 2905 ci-

82 2922 150 2979 viles
167 2923 364 2997 dissensiones,
380 2945 438 2982 non
455 2925 547 2982 solum
565 2946 619 2997 eas,
635 2946 705 3003 quas
725 2928 852 2995 audistis,
869 2927 917 2984 sed

81 3022 136 3071 cas,
149 3023 218 3079 quas
235 3013 345 3063 vosmet
361 3006 418 3082 ipsi
434 3005 605 3062 meministis
621 3014 707 3082 atque
724 3007 842 3064 vidistis
886 3006 917 3064 L.

82 3080 160 3138 Sulla
179 3083 211 3140 P.
223 3083 381 3161 Sulpicium
404 3086 552 3162 oppressit,
569 3086 651 3143 eiecit
670 3107 704 3143 ex
726 3087 794 3143 urbe
816 3086 849 3142 G.
861 3086 917 3141 bla-

80 3162 162 3227 rium,
178 3166 322 3223 custodem
345 3165 430 3225 liniam
452 3165 541 3238 urbis,
556 3166 724 3242 multosque
745 3166 840 3218 tortos
855 3164 934 3216 siros
