1988 3480
55 122 101 168 158
192 119 261 170 PRO
277 119 308 168 T.
324 117 437 168 ANNIO
453 117 593 167 MILONE
610 117 752 168 ORATIO.

54 219 110 277 Ros
131 219 258 296 loquitur
278 218 347 295 ipsa,
359 217 475 288 iudices,
489 237 560 294 quae
581 237 693 294 semper
712 217 787 276 valet
806 217 894 295 pluri-

54 318 141 355 mum.
186 304 231 355 54.
250 297 281 355 Si
305 298 374 354 hacc
396 317 454 353 non
476 305 557 374 gesta
578 298 723 368 audiretis
741 298 791 354 sed
814 299 895 374 pieta

54 379 195 447 videretis,
211 384 307 434 tamen
324 384 473 454 appareret
489 384 553 434 uter
569 385 642 434 esset
659 378 817 448 insidiator,
829 386 896 435 uter

54 457 125 514 nihil
137 458 276 534 cogitaret
286 457 361 527 mali,
374 477 439 514 cum
451 457 521 514 alter
531 457 680 514 veheretur
691 458 720 513 in
734 457 819 514 raeda
829 477 895 534 pac

54 537 176 608 nulatus,
192 558 250 594 una
270 537 380 594 sederet
400 557 479 594 uxor.
502 581 509 594 .
531 581 538 594 .
561 581 568 594 .
611 537 688 604 Quid
709 537 812 593 horum
834 556 894 594 non

55 617 323 693 impeditissimum?
343 618 463 674 vestitus
483 636 519 674 an
538 616 701 674 vehiculum
722 636 758 672 an
779 618 894 674 comest

55 697 126 774 quid
136 699 232 754 minus
242 704 409 774 promptum
424 698 461 754 ad
471 716 606 773 pugnam,
617 716 682 752 cum
694 696 815 773 paenula
828 697 895 753 irre-

55 777 134 848 titus,
143 777 227 834 raeda
240 777 404 854 impeditus,
412 796 500 833 uxore
514 796 604 853 paene
618 777 789 833 constrictus
803 776 894 833 essetl

13 911 14 915 ,
55 857 162 915 Videte
183 876 258 914 nunc
274 857 364 925 illurn,
376 857 502 932 primum
523 856 715 931 egredientem
733 854 896 926 911111111-

56 937 135 994 bito:
160 938 227 993 curt
252 936 376 1012 vesperi:
406 935 476 1012 quid
497 955 610 993 necesse
634 937 697 993 estl
720 935 817 992 tarde:
844 935 895 1011 qui

56 1017 197 1086 convenit,
207 1016 372 1092 praesertim
384 1015 414 1071 id
425 1015 580 1091 temporisl
614 1015 745 1072 Devert-it
756 1015 786 1070 in
797 1014 895 1072 villam

56 1096 197 1172 Pompeii.
233 1095 404 1171 Pompeium
417 1101 449 1151 ut
459 1094 586 1152 videret?
607 1095 714 1152 sciebat
727 1095 757 1151 in
768 1095 895 1151 Alsiensi

57 1194 133 1233 esse:
155 1175 250 1232 villam
274 1181 306 1231 ut
328 1174 518 1251 perspiceret?
542 1175 655 1231 miliens
677 1175 708 1230 in
733 1194 767 1232 ea
790 1174 893 1232 fuerat.

57 1255 135 1324 Quid
158 1275 226 1331 ergo
251 1256 328 1312 91111
352 1274 433 1311 mora
456 1261 485 1312 et
507 1255 723 1331 tergiversatio:
752 1255 822 1311 dum
847 1254 896 1312 hie

57 1336 173 1405 veniret,
185 1336 279 1392 locum
294 1334 451 1411 relinquere
464 1334 565 1391 noluit.

98 1415 180 1472 XXI.
218 1422 262 1472 55.
283 1414 348 1492 Age
369 1433 445 1471 nunc
466 1414 520 1471 iter
540 1414 667 1491 expediti
688 1414 808 1471 latronis
828 1433 893 1474 eum

58 1495 173 1552 Milonis
188 1494 401 1571 impedimentis
415 1501 585 1571 comparate.
618 1494 737 1570 Semper
750 1495 797 1550 ille
812 1501 895 1554 antea

58 1594 123 1632 cum
148 1594 242 1644 uxore,
257 1581 320 1632 tum
342 1575 402 1631 sine
423 1592 472 1631 ea:
494 1593 650 1650 numquam
672 1575 727 1630 nisi
748 1574 779 1630 in
801 1575 895 1646 raeda,

58 1663 120 1711 tum
143 1655 172 1711 in
195 1673 285 1731 equo:
314 1655 435 1711 comites
456 1653 595 1725 Graeculi,
617 1673 797 1730 quocumque
825 1654 895 1726 ibat,

58 1735 144 1791 etiarn
159 1755 224 1791 cum
238 1735 269 1791 in
283 1741 374 1793 eastra
387 1734 507 1791 Etrusca
520 1735 708 1810 properabat:
731 1741 794 1791 tum
808 1753 897 1811 nuga·

58 1834 120 1871 rum
144 1815 174 1870 in
196 1815 335 1872 comitatu
353 1813 434 1870 nihil.
477 1812 556 1884 Milo,
575 1814 624 1890 qui
648 1833 814 1890 numquam,
832 1821 896 1872 tum

58 1914 124 1952 casu
138 1914 241 1971 pueros
257 1893 478 1970 symphoniacos
494 1893 591 1950 uxoris
606 1893 728 1951 ducebat
742 1901 770 1950 et
785 1894 897 1951 ancilla·

58 1995 121 2032 rum
138 1993 246 2050 greges.
289 1973 349 2042 Ille,
362 1973 411 2050 qui
428 1992 540 2050 semper
556 1990 652 2030 secum
672 1982 772 2044 scorta,
785 1993 898 2050 semper

58 2054 192 2123 exoletos
203 2072 314 2128 semper
327 2053 408 2129 lupas
422 2053 545 2125 duceret,
557 2060 620 2110 tum
634 2054 789 2124 neminem,
798 2053 853 2110 nisi
864 2060 898 2112 ut

58 2134 149 2189 virum
167 2153 184 2189 a
200 2133 261 2189 viro
278 2132 383 2189 lectum
398 2153 458 2190 esse
472 2133 587 2190 diceres.
631 2133 690 2191 Cur
703 2133 791 2210 igitur
805 2133 900 2191 victus

59 2214 119 2269 estl
160 2211 234 2280 Quia
250 2232 308 2268 non
328 2232 439 2289 semper
455 2213 547 2270 viator
568 2233 584 2269 a
604 2213 721 2283 latrone,
737 2232 795 2269 non
816 2232 898 2270 num·

60 2311 144 2368 quam
165 2292 252 2348 etiam
273 2292 345 2349 latro
366 2312 383 2349 a
402 2293 510 2349 viatore
532 2293 687 2350 occiditur:
711 2293 784 2369 quia,
801 2312 899 2369 quam-

60 2391 144 2448 quam
166 2379 281 2448 paratus
302 2373 331 2428 in
352 2372 508 2449 imparatos
529 2372 656 2442 Clodius,
674 2379 770 2430 tamen
795 2371 899 2429 mulier

59 2451 197 2508 inciderat
217 2452 247 2508 in
265 2452 347 2509 viros,
391 2458 437 2510 56.
454 2452 515 2509 Nec
536 2471 601 2508 vero
623 2453 663 2509 sic
684 2459 744 2509 erat
760 2471 896 2528 umquam

59 2550 117 2587 non
128 2539 243 2608 paratus
254 2531 323 2588 Milo
339 2539 439 2589 contra
452 2531 541 2601 illum,
555 2538 655 2588 utnon
668 2533 735 2588 satis
749 2532 809 2588 fero
824 2539 899 2589 esset

59 2618 180 2686 paratus.
217 2610 336 2688 Semper
346 2611 392 2669 ille
407 2618 436 2669 91
448 2619 585 2687 quantum
598 2611 745 2668 interesset
760 2611 792 2668 P.
802 2610 898 2668 Clodii

60 2710 88 2747 19
103 2691 193 2766 perire
208 2699 237 2748 91
249 2699 355 2767 quanto
371 2691 412 2748 illi
427 2691 494 2747 odio
509 2698 582 2747 essct
597 2698 625 2747 ct
637 2698 776 2767 quantum
790 2690 837 2746 ille
851 2710 899 2746 au-

59 2770 138 2826 deret
156 2771 308 2847 cogitabat.
351 2770 444 2839 Quam
464 2770 501 2826 ob
522 2789 581 2826 rem
600 2771 687 2827 vitam
709 2790 798 2840 suam,
811 2788 898 2846 quam

59 2850 191 2906 maximis
205 2851 338 2927 praemiis
352 2849 529 2926 propositam
541 2856 570 2905 et
585 2869 674 2924 paene
689 2850 832 2907 addictam
848 2849 899 2906 sei·

58 2929 131 3000 ebat,
144 2949 301 3007 numquam
318 2930 347 2985 in
369 2928 525 3004 periculum
547 2928 607 2984 sine
628 2930 770 3003 pracsidio
792 2936 820 2985 et
837 2929 898 2988 sine

59 3010 189 3067 custodia
199 3007 373 3087 proiicicbat.
416 3007 501 3064 Adde
516 3026 604 3076 casus,
617 3007 690 3063 addc
705 3008 827 3064 incertos
842 3008 898 3064 exi·

59 3095 105 3144 tus
117 3107 277 3164 pugnarum
288 3087 465 3163 Martemque
477 3087 667 3157 communem,
677 3087 725 3162 qui
740 3106 823 3163 saepe
834 3107 898 3162 spo-

52 3167 173 3222 liantem
196 3168 253 3222 iam
280 3173 308 3222 et
330 3166 519 3224 exsultantem
544 3167 646 3223 evertit
668 3173 696 3222 ot
719 3165 839 3238 perculit
861 3166 897 3222 ab
