1988 3480
296 123 373 172 [aar.
391 124 518 185 u-vn,
536 123 550 182 5
567 125 653 172 rr-ro.
853 127 899 173 aar

60 245 124 284 rum
136 225 218 282 vobis
232 244 321 282 essem
338 225 398 281 sine
413 224 579 282 defensione
591 224 854 302 purgatus-quam
869 233 902 283 ut

59 304 202 382 quosdam
223 305 308 361 nimis
326 305 421 362 ieiuno
443 305 539 362 animo
556 312 585 363 et
602 312 724 381 angusto
745 325 899 377 monerem,

60 386 92 442 id
101 384 180 462 quod
190 403 302 461 semper
313 385 373 460 ipse
384 384 524 456 fecissem,
533 385 575 442 uti
586 384 783 442 excellentium
795 385 901 442 civium

60 465 197 522 virtutem
218 464 379 520 imitatione
402 463 528 540 dignam,
544 484 602 521 non
626 464 734 521 invidia
758 471 899 541 putarent.

60 544 184 621 Magnus
198 549 240 600 est
254 543 284 599 in
299 563 328 600 re
343 542 457 621 publica
471 562 596 620 campus,
606 551 639 601 ut
653 544 795 621 sapienter
809 544 901 602 dicere

51 621 179 681 ‘Crassus
203 622 320 693 solebat,
338 622 437 695 multis
460 630 575 699 apertus
599 643 696 680 cursus
717 624 754 681 ad
778 623 899 681 laudem.

60 703 128 763 VII.
145 702 266 761 Utinam
284 702 399 778 quidem
420 702 461 758 illi
481 702 624 778 principes
641 703 776 774 viverent,
789 704 838 781 qui
854 723 901 761 me

59 790 127 860 post
136 801 234 839 meum
249 781 437 851 consulatum,
448 800 513 839 curn
524 781 560 838 iis
574 782 635 859 ipse
649 783 788 854 cederem,
798 784 902 860 princi-

59 881 127 940 pem
138 881 197 919 non
208 862 291 918 inviti
303 861 452 919 videbant!
485 861 551 918 Hoc
562 881 628 919 vero
640 870 769 940 ternpore
780 865 810 920 in
821 870 902 921 tanta

59 942 159 1020 inopia
176 942 369 999 constantium
387 949 416 999 et
432 941 554 999 fortium
571 942 762 1000 consularium
780 962 837 1020 quo
854 962 901 1000 me

59 1021 158 1079 dolore
179 1021 263 1079 adfici
284 1021 407 1092 creditis,
424 1040 490 1079 cum
511 1021 582 1079 alios
605 1021 679 1080 male
701 1023 813 1094 sentire,
829 1022 901 1080 alios

60 1101 133 1158 nihil
150 1103 268 1158 omnino
286 1121 382 1159 curare
397 1101 518 1173 videam,
531 1101 601 1159 alios
618 1120 719 1178 parurn
736 1109 901 1160 constanter

60 1181 90 1237 in
115 1188 247 1259 suscepta
270 1201 354 1238 causa
378 1200 543 1258 permanere
568 1182 795 1258 sententiamque
820 1201 899 1237 suam

59 1280 119 1317 non
136 1280 247 1338 semper
265 1261 388 1317 utilitate
405 1260 446 1317 rei
464 1258 603 1336 publicae,
616 1260 665 1316 sed
682 1266 744 1317 turn
767 1279 825 1337 spe,
837 1269 899 1316 tum

59 1341 163 1398 timore
177 1339 337 1397 moderari?
381 1345 425 1397 18.
441 1338 528 1408 Quod
545 1340 569 1395 si
586 1339 649 1416 quis
663 1339 699 1395 de
716 1340 900 1397 content-ione

58 1420 236 1496 principatus
247 1419 364 1491 laborat,
375 1439 447 1497 quae
461 1418 540 1476 nulla
553 1438 613 1476 esse
627 1416 720 1489 debet,
734 1418 900 1476 stultissime

58 1499 138 1568 facit,
151 1499 175 1554 si
192 1499 269 1556 vitiis
286 1518 352 1556 cum
367 1500 472 1556 virtute
482 1497 653 1556 contendit:
676 1504 708 1554 ut
722 1498 798 1554 enim
817 1517 899 1555 cursu

58 1597 165 1648 cursus,
178 1580 217 1635 sic
235 1580 264 1635 in
282 1579 350 1635 viris
366 1578 491 1636 fortibus
508 1578 597 1634 virtus
615 1577 720 1634 virtute
742 1585 897 1654 superatur.

61 1657 115 1727 Tu,
129 1659 153 1713 si
170 1677 223 1734 ego
240 1659 320 1716 dere
336 1657 451 1735 publica
467 1657 576 1734 optime
593 1657 723 1728 sentiam,
735 1663 767 1714 ut
781 1677 827 1713 me
842 1658 900 1712 vin-

59 1757 114 1807 cas,
131 1738 191 1812 ipsc
218 1739 341 1813 pessime
368 1738 491 1794 senticsl
512 1743 569 1808 aut,
585 1737 609 1793 si
630 1737 667 1793 ad
687 1756 734 1794 me
758 1736 899 1793 bonorum

59 1835 229 1873 concursum
254 1817 314 1873 fieri
337 1816 453 1886 videbis,
469 1817 506 1873 ad
526 1822 555 1873 te
576 1816 724 1894 improbos
746 1815 899 1874 invitabis?

60 1895 184 1966 Nollem,
194 1896 318 1971 primum
331 1895 512 1971 reipublicae
523 1915 614 1967 causa,
625 1896 729 1953 deinde
740 1896 827 1953 etiam
839 1897 900 1973 dig-

60 1975 159 2031 nitatis
169 1981 243 2034 tuac.
274 1975 331 2033 Sed
343 1975 367 2033 si
380 1976 557 2052 principatus
571 1982 709 2052 ageretur,
724 1994 808 2052 quern
819 1996 899 2033 num-

59 2074 146 2130 quam
171 2057 303 2132 expetivi,
324 2056 395 2133 quid
419 2056 537 2113 tandem
561 2056 634 2112 milri
659 2063 732 2114 esset
755 2057 899 2133 optatius?

59 2134 123 2210 Ego
140 2135 216 2191 enim
237 2136 319 2191 malis
341 2136 489 2192 sententiis
506 2136 581 2192 vinci
602 2156 660 2194 non
677 2156 803 2213 possum,
815 2136 899 2193 bonis

58 2215 180 2270 forsitan
196 2215 304 2290 possim
322 2219 351 2270 et
363 2213 492 2270 libenter.
538 2221 582 2272 19.
595 2216 675 2273 Haec
689 2216 828 2292 populum
843 2216 900 2273 Ro-

58 2311 177 2348 manurn
198 2294 301 2361 videre,
314 2292 545 2363 animadvertere,
557 2293 682 2352 iudicare
701 2295 818 2370 quidam
839 2315 900 2353 mo-

58 2372 129 2428 leste
143 2372 247 2428 ferunt.
284 2372 438 2428 Poteratne
452 2371 513 2428 lieri
524 2379 556 2429 ut
567 2391 625 2429 non
637 2374 757 2450 proinde
767 2373 899 2431 homines

59 2452 95 2507 de
117 2470 239 2527 quoque,
260 2457 291 2508 ut
313 2451 433 2527 quisque
457 2457 619 2521 mereretur,
640 2452 816 2510 iudicarentl
855 2454 899 2512 Ut

58 2531 135 2587 enim
151 2531 186 2588 de
200 2531 332 2588 universo
347 2537 445 2587 senatu
457 2529 581 2607 populus
592 2531 739 2589 Romanus
753 2533 898 2591 verissime

58 2610 166 2667 iudicat
180 2610 265 2667 nullis
279 2611 320 2667 rei
334 2609 464 2686 publicae
478 2610 656 2686 temporibus
673 2610 749 2669 hunc
767 2613 896 2670 ordinem

58 2689 212 2746 firmiorem
234 2698 284 2747 aut
304 2690 453 2747 fortiorem
474 2689 571 2759 fuisse,
587 2691 626 2747 sic
648 2691 684 2748 de
704 2711 762 2749 uno
784 2711 898 2770 quoque

58 2776 188 2826 nostrum
213 2778 242 2826 ct
265 2770 398 2839 maxime,
415 2771 462 2846 qui
486 2769 541 2826 hoc
564 2770 627 2826 loco
651 2772 806 2829 sententias
831 2772 899 2829 dici-

58 2868 130 2919 mus,
147 2849 325 2906 sciscitantur
346 2869 453 2918 omnes,
469 2855 552 2906 avent
573 2849 670 2907 andire
692 2851 761 2926 quid
779 2852 898 2929 quisquo

57 2930 195 2985 senserit:
218 2929 258 2985 ita
279 2928 314 2986 de
336 2948 393 2985 uno
411 2948 532 3006 quoque,
545 2935 578 2986 ut
599 2949 741 3008 quemque
762 2931 896 2989 meritum

58 3008 238 3075 arbitrantur,
258 3008 429 3066 existimant.
472 3008 611 3066 Memoria
638 3017 737 3068 tenent
761 3030 807 3068 me
831 3018 897 3068 ante

58 3089 134 3143 (lium
154 3109 217 3144 x111.
227 3088 370 3146 Kalendas
385 3088 529 3146 Ianuarias
545 3089 705 3167 principem
721 3092 906 3147 revocandas

59 3166 198 3224 libertatis
213 3167 320 3226 fuisse:
342 3188 444 3242 mccx
459 3168 608 3227 Kalendis
617 3169 776 3226 lanuarias
790 3165 934 3217 amissus
