1988 3480
240 519 284 582 M.
307 520 454 608 TULLII
484 518 716 582 CICERONIS

122 674 214 752 PRO
249 677 289 750 ll.
317 675 595 751 MARCELLO
630 675 834 752 ORATIO.

308 967 647 1018 ARGUMENTUM.

90 1065 126 1116 Μ
138 1066 256 1116 Claudius
270 1067 411 1125 Marcellus,
423 1067 459 1116 M
472 1067 546 1127 iilius
558 1067 643 1116 consul
656 1083 759 1130 annop
770 1084 795 1117 ιι
805 1083 826 1117 c.
839 1069 897 1129 703,

58 1148 114 1181 cum
131 1133 183 1182 Ser.
195 1132 303 1193 Sulpicio
321 1133 419 1181 Rufo¹¹
404 1148 434 1180 us
451 1133 524 1180 rebus
541 1133 662 1192 omnibus,
675 1149 736 1196 quas
754 1133 783 1182 C
796 1135 896 1210 Caesar,

58 1213 114 1246 cum
125 1207 190 1247 esset
201 1199 226 1246 in
239 1199 329 1258 Gallia,
340 1214 356 1245 a
367 1207 455 1245 senatu
463 1199 605 1260 postulavit,
617 1213 669 1246 sese
681 1207 827 1261 opposuerat
836 1201 899 1246 eius-

58 1279 106 1326 que
120 1264 222 1312 consiIIa
235 1279 306 1312 secus
320 1264 398 1311 etiarn
412 1279 442 1310 ac
455 1263 535 1311 voluit
552 1263 681 1322 collega
660 1278 713 1311 erus
727 1264 896 1339 Impediverqat

58 1311 86 1377 rit
97 1344 177 1390 neque
189 1329 218 1377 C
228 1328 344 1376 Caesari
338 1328 468 1389 rmperium
478 1337 651 1390 prorogarffetur
662 1343 742 1391 neque
751 1329 803 1376 eius
813 1330 898 1378 absen
924 1359 927 1363 -

59 1395 90 1441 tis
104 1395 167 1442 ratio
181 1393 288 1441 comitiis
300 1392 470 1441 consularibus
484 1393 616 1442 haberetur
629 1409 711 1456 neque
724 1394 827 1456 colonIs,
838 1410 899 1471 quos

60 1459 89 1508 C.
95 1459 187 1507 Caesar
198 1459 298 1507 Novum
308 1458 416 1507 Comum
428 1457 575 1519 deduxerat
584 1459 622 1507 ius
634 1475 706 1507 suurn
715 1468 827 1508 maneret
829 1460 899 1523 ,qui-

59 1524 105 1572 bus
119 1525 191 1572 rebus
205 1523 318 1571 omnibus
336 1523 496 1571 vehementer
512 1523 540 1573 C
552 1524 665 1572 Caesaris
679 1520 777 1572 animus
792 1525 900 1574 offensus

59 1600 120 1650 erat,
134 1589 190 1637 vide
207 1590 242 1637 M.
259 1589 387 1637 Ciceronis
404 1605 440 1648 ep.
454 1588 648 1653 odsomiliores,
665 1589 707 1639 lib.
720 1590 797 1639 VIII
802 1606 860 1653 ,‚ep
873 1594 897 1651 8,

59 1655 170 1703 eiusdem
182 1670 218 1717 ep.
232 1653 268 1702 ad
277 1655 396 1716 Attz'caru,
408 1653 449 1703 lib.
461 1655 506 1715 V.,
515 1670 553 1716 ep.
567 1657 604 1704 ll.
636 1655 713 1703 Hirtii
726 1654 755 1704 de
767 1627 827 1704 beilo
840 1654 901 1704 Gol—
953 1701 955 1705 ,

60 1719 115 1782 lico,
128 1719 169 1768 lib.
181 1720 269 1776 VIII,
284 1737 306 1769 c.
321 1723 362 1768 53.
400 1719 511 1784 Appiani
525 1717 610 1768 bollum
623 1719 706 1781 civile,
718 1721 759 1769 lib.
768 1722 826 1782 Vl.,
837 1737 858 1770 c.
868 1724 900 1769 25

59 1800 97 1848 sq.
130 1785 259 1834 Plutarchi
273 1787 316 1834 vit.
329 1785 447 1845 Caesaris,
462 1801 483 1834 c.
496 1788 536 1846 29,
550 1785 662 1834 eiusdem
681 1788 724 1836 vit.
739 1784 861 1848 Pompeii,
875 1803 896 1836 c.

59 1855 100 1900 58.
136 1852 234 1899 Exorto
251 1861 335 1900 autem
352 1851 405 1914 ipso
421 1850 487 1899 civili
500 1851 564 1899 bello
579 1851 625 1900 Cu.
637 1852 750 1914 Pompeii
764 1861 846 1900 castra
863 1868 900 1901 se-

59 1925 131 1965 cutus
141 1916 167 1964 in
179 1917 232 1965 acie
243 1916 389 1964 Pharsalica
401 1925 487 1965 contra
498 1916 632 1965 Caesarem
643 1927 804 1979 pugnaverat.
837 1919 900 1966 Post

59 1982 193 2046 Mytilenas
207 1997 233 2030 se
250 1982 394 2042 contulerat,
411 1990 438 2030 ut
454 1981 548 2030 otiosus
564 1982 653 2030 litteris
670 1997 771 2045 operam
786 1993 897 2043 navaret,

60 2063 110 2111 qua
126 2049 156 2096 de
173 2062 200 2096 re
216 2048 329 2095 conferas
344 2047 471 2096 Ciceronis
483 2046 595 2108 Brutum,
608 2063 629 2097 c.
641 2051 679 2109 71,
692 2049 706 2106 §
720 2052 776 2108 250,
789 2058 843 2096 tum
856 2050 901 2098 Se·

60 2128 135 2161 necae
152 2111 239 2162 consol.
253 2113 287 2160 ad
297 2111 382 2172 Helu,
393 2127 413 2160 c.
426 2115 449 2160 9.
478 2113 581 2160 Frustra
594 2114 668 2162 amici
682 2115 735 2162 elas
750 2114 858 2162 raditum
873 2123 900 2161 ut

60 2179 83 2226 ei
97 2178 243 2226 concederet
256 2194 271 2224 a
285 2178 314 2226 C.
325 2177 431 2226 Caesare
444 2176 627 2238 flagitaverunt,
637 2194 660 2227 v.
672 2179 798 2226 Ciceronis
817 2197 853 2240 ep.
867 2178 902 2226 ad

60 2241 215 2305 ,foruiliores
226 2242 268 2292 lib.
277 2243 336 2302 IV.‚
348 2257 386 2304 ep.
400 2245 410 2288 l
424 2251 449 2290 et
461 2246 483 2290 8.
517 2243 578 2290 Post
590 2257 647 2290 cum
660 2243 752 2291 Caesar
768 2258 801 2290 ex
812 2244 901 2292 Africa

62 2308 165 2356 redisset
182 2323 248 2355 anno
268 2323 291 2370 p.
302 2324 325 2355 u.
336 2322 357 2355 c.
368 2309 424 2367 708,
437 2307 466 2355 C.
476 2306 619 2367 Marcellus,
634 2308 670 2355 M.
683 2308 797 2355 Marcelli
814 2309 898 2368 frater,

61 2373 168 2420 reditum
182 2373 253 2420 fratri
265 2373 296 2420 ab
308 2388 338 2420 eo
351 2372 499 2434 impetravit.
536 2373 640 2420 Fecerat
651 2372 717 2420 enim
730 2373 776 2420 lroc
788 2383 897 2432 senatus,

62 2446 96 2497 ut,
109 2453 166 2486 curu
180 2454 195 2484 a
209 2439 238 2485 L.
253 2439 343 2485 Pisone
357 2438 450 2486 mentio
464 2444 528 2485 esset
542 2437 609 2484 facta
622 2436 653 2485 de
667 2437 787 2485 Marcello
804 2446 900 2486 etcum

63 2503 91 2552 C.
103 2503 236 2550 Marcellus
248 2518 273 2550 se
285 2503 316 2550 ad
327 2503 439 2551 Caesaris
450 2502 524 2564 pedes
537 2502 672 2561 abiecisset,
685 2511 789 2550 cunctus
800 2517 901 2550 consur-

63 2576 132 2628 geret
141 2577 165 2616 et
173 2568 205 2616 ad
214 2568 346 2616 Caesarem
358 2568 462 2630 supplex
470 2567 605 2615 accederet.
640 2568 688 2614 Hic
698 2567 751 2615 dles
760 2567 794 2615 M.
803 2567 899 2615 Cicero

63 2634 89 2680 ui
101 2634 137 2680 ita
149 2633 249 2695 pulcher
259 2634 326 2680 risus
335 2643 395 2693 erat,
406 2643 434 2680 ut
447 2633 554 2694 speciem
567 2632 676 2694 aquuam
684 2631 810 2680 videretur
818 2632 902 2681 ridere

64 2699 135 2761 quasi
147 2699 312 2746 reviviscentis
324 2699 359 2746 rei
371 2698 489 2761 publicae.
520 2698 609 2758 Itaque
618 2712 675 2744 cum
687 2713 772 2744 omnes
782 2698 832 2745 fere
843 2709 902 2745 ante

63 2779 122 2812 eum
136 2764 216 2822 rogati
229 2764 377 2811 seutentiam
388 2763 481 2823 gratias
495 2763 596 2810 Caesari
610 2763 725 2822 egIssent,
736 2762 788 2824 ipse
803 2777 901 2825 quoque

65 2829 151 2877 Cicero
163 2829 272 2890 pluribus
282 2828 362 2876 verbis
373 2828 424 2888 egit
433 2828 534 2876 Caesari
545 2828 645 2888 gratias,
654 2843 703 2890 qua
712 2827 743 2875 de
755 2843 782 2876 re
791 2827 901 2876 conferas

64 2894 181 2969 ipsumin
195 2910 232 2955 ep.
244 2891 434 2955 adflanrilioras,
445 2893 487 2940 lib.
499 2893 546 2941 IV
551 2907 608 2954 ,‚ep
621 2893 635 2938 4
638 2892 763 2955 §3.,sq
774 2907 902 2955 quamac-

64 2960 156 3008 tionem
172 2959 376 3020 gratiarumque
390 2957 527 3006 diuturno
520 2973 545 3004 ιιι
560 2929 648 3005 senatd
665 2930 763 3007 silentid
776 2959 853 3006 finem
867 2958 901 3006 fe·

65 3024 398 3086 cerat,posteaconscr1psit
416 3033 506 3082 orator,
519 3032 546 3071 ut
563 3024 614 3071 fcre
631 3023 728 3072 solebat
742 3023 844 3077 Iacere
849 3035 913 3066 aaa·

65 3090 147 3152 script
142 3105 230 3151 amque
244 3089 328 3139 edidit.
366 3089 420 3138 Nec
434 3089 535 3138 videtur
549 3089 604 3138 ulle
619 3088 703 3137 modo
718 3082 842 3134 dumam
853 3087 938 3136 W&
