1988 3480
61 116 92 161 10
169 113 217 161 DE
236 110 387 159 IMPERIO
405 109 460 157 CN.
474 106 626 155 POMPEII
643 105 786 156 ORATIO.

61 220 93 268 ut
107 212 142 267 iis
159 229 263 266 nomen
281 208 373 284 regale
390 227 526 285 magnum
544 214 572 264 et
587 213 715 264 sanetum
731 224 791 263 esso
805 205 901 264 videa·

61 299 114 347 tur.
158 296 203 346 25.
220 288 320 365 ltaque
337 288 556 345 tantum-victus
573 286 681 344 efficere
694 286 799 364 potuit,
813 305 903 362 quan-

61 378 123 426 tum
148 368 299 425 incolumis
323 386 479 444 numquam
504 374 546 422 est
567 386 651 423 ausus
674 374 779 444 optare.
823 365 901 425 Nam

61 468 126 505 oum
142 469 170 505 se
185 449 215 504 in
233 467 351 524 regnum
369 467 451 503 suum
466 446 625 522 recepisset,
638 465 696 502 non
711 446 768 504 fuit
782 465 816 503 eo
833 465 902 503 con-

61 535 165 598 tentus,
179 528 257 605 quod
271 528 297 584 01
310 535 422 605 praeter
436 546 514 603 spem
530 526 678 595 acciderat,
691 533 723 583 ut
737 526 823 598 illam,
835 545 903 603 pos-

61 617 108 665 tea
122 628 207 685 quam
218 608 316 685 pulsus
330 614 397 677 erat,
408 615 511 664 terram
525 625 662 682 umquam
677 607 839 682 attingeret,
850 606 902 664 sed

62 688 262 746 inexercitum
285 695 413 744 nostrum
431 688 537 744 clarum
554 692 639 762 atque
654 685 790 742 victorem
811 685 902 763 1111ρο

62 776 124 825 tmn
146 768 223 825 feeit.
267 767 358 824 Sinite
382 767 437 824 11οο
459 767 531 835 1000,
550 765 683 835 Quirites,
702 766 775 822 sieut
795 772 902 842 poetae

63 848 162 918 solent,
180 848 228 924 qui
245 867 289 904 res
303 847 446 903 Romanas
461 846 595 914 scribunt,
611 845 762 922 praeterire
776 865 823 902 mo
837 864 902 903 nos·

63 934 136 984 tram
153 927 351 995 calamitatem,
368 945 439 1002 qliae
460 933 540 982 tanta
556 925 621 994 fnit,
637 931 670 981 ut
687 944 749 982 eam
766 925 803 981 ad
819 944 902 983 aures

63 1007 93 1063 L.
105 1007 215 1063 Luculli
229 1007 409 1082 imperatoris
423 1024 481 1062 non
496 1025 529 1061 ex
541 1005 650 1082 proelio
665 1005 791 1076 nuntius,
805 1005 855 1061 sed
866 1023 901 1062 ex

64 1106 192 1142 sermone
208 1105 306 1143 mmor
322 1085 454 1142 adferret.
498 1090 544 1141 26.
561 1085 618 1142 Hie
636 1085 665 1141 in
682 1085 731 1142 illo
746 1085 809 1161 ipso
824 1084 901 1141 malo

63 1166 283 1242 gravissimarme
297 1165 363 1222 belli
379 1165 536 1222 offensione
547 1164 577 1222 L.
589 1165 729 1234 Lucullus,
741 1165 790 1242 qui
803 1171 901 1221 tamen

63 1246 157 1323 aliqua
173 1265 207 1302 ex
224 1252 304 1322 parte
321 1246 356 1301 iis
373 1245 564 1302 incommodis
584 1245 691 1302 mederi
712 1246 832 1302 fortasse
851 1264 902 1321 po-

63 1327 278 1397 tuisset,vest1·o
299 1326 377 1382 iussu
394 1333 516 1397 coaetus,
533 1325 611 1401 quod
627 1325 740 1402 imperii
762 1325 902 1382 dintumi-

62 1406 116 1462 tati
133 1406 252 1462 modum
274 1405 457 1462 statuendum
474 1412 567 1462 vetere
589 1406 719 1483 exemplo
740 1405 899 1482 putavistis,

63 1492 174 1562 partem
194 1486 328 1554 militum,
347 1485 396 1562 qui
417 1485 474 1542 iam
495 1485 645 1562 stipendiis
666 1485 899 1555 confoederant,

64 1566 181 1638 dimisit,
194 1573 304 1644 partem
321 1565 368 1623 Μ’.
381 1565 530 1623 Glabrioni
547 1565 673 1623 tradidit.
716 1565 807 1622 Multa
823 1584 900 1642 prae-

64 1654 141 1704 tereo
152 1647 291 1717 consulto,
303 1647 353 1704 sed
364 1667 397 1704 ea
407 1667 458 1704 vos
472 1647 634 1703 eonioetura
644 1646 804 1723 perspicite,
816 1664 901 1722 quan-

64 1734 126 1783 tum
147 1727 218 1784 illud
238 1728 344 1784 bellum
365 1728 475 1785 factum
496 1727 612 1802 putetis
629 1727 706 1802 quod
725 1727 901 1802 coniungant

64 1825 144 1881 reges
160 1807 361 1882 potentissimi,
373 1813 510 1862 renovent
527 1806 650 1880 agitatae
666 1807 804 1877 nationes,
817 1806 902 1863 susci·

64 1885 145 1960 piant
164 1886 290 1960 integrae
308 1891 416 1960 gentes,
431 1903 523 1940 novus
542 1885 697 1960 imperator
717 1893 814 1943 noster
832 1886 902 1944 aeci·

64 1965 125 2041 piat
136 1971 229 2020 vetere
240 1965 364 2020 exercitu
378 1963 469 2039 pulso.
505 1963 543 2020 X.
573 1964 619 2021 27.
636 1964 711 2022 Satis
725 1967 797 2023 milri
811 1966 902 2024 multa

65 2043 149 2099 verba
166 2043 266 2099 fecisse
284 2043 389 2112 videor,
403 2062 458 2119 qua
474 2063 503 2100 re
520 2051 593 2101 esset
607 2043 662 2102 hoe
676 2046 782 2103 bellum
799 2065 902 2124 genere

65 2124 128 2199 ipso
149 2123 345 2193 neeessariam,
361 2123 560 2197 magnitudine
582 2125 789 2200 periculosum:
815 2132 902 2183 restat

65 2209 98 2259 ut
109 2202 144 2259 de
158 2203 328 2279 imperatore
342 2203 379 2258 ad
390 2202 420 2258 id
431 2202 537 2260 bollum
548 2204 701 2281 deligendo
715 2225 747 2262 ae
761 2206 848 2262 tantis
862 2224 902 2261 re-

65 2282 118 2339 bus
132 2282 321 2358 praeficiendo
336 2282 490 2339 dicendum
505 2303 564 2340 esso
578 2284 714 2342 videatur.

106 2362 235 2432 Utinam,
248 2361 381 2432 Quirites,
394 2363 519 2419 virorum
533 2363 654 2420 fortium
668 2371 753 2439 atque
770 2363 902 2417 innoeen-

65 2443 139 2499 tium
157 2442 268 2518 copiam
283 2449 393 2498 tantam
408 2441 558 2512 haberetis,
571 2450 603 2499 ut
617 2441 687 2498 haee
701 2440 782 2497 vobis
800 2437 903 2494 delibe-

65 2525 138 2588 ratio
153 2522 276 2579 difficilis
293 2528 374 2597 esset,
392 2541 544 2598 quemnam
561 2521 744 2597 potissimum
758 2517 846 2574 tantis
863 2535 903 2572 re-

65 2602 119 2659 bus
140 2622 172 2658 ae
192 2608 273 2659 tanto
290 2601 365 2666 bello
383 2600 605 2678 praeficiendum
622 2597 776 2675 putaretis!
818 2596 902 2652 Nune

66 2700 132 2738 vero
157 2701 222 2738 enm
247 2682 284 2738 sit
308 2701 381 2738 nnus
406 2680 458 2738 On.
474 2679 639 2755 Pompeius,
660 2679 708 2754 qni
732 2696 791 2734 non
815 2677 903 2734 modo

67 2780 165 2817 eorum
181 2761 340 2832 hominum,
354 2762 403 2838 qui
422 2780 497 2817 nune
515 2766 589 2830 sunt,
605 2758 733 2835 gloriam,
749 2757 799 2815 sed
816 2758 902 2816 otiam

66 2840 245 2916 antiquitatis
259 2842 427 2897 memoriam
438 2841 543 2896 virtute
558 2838 789 2915 supera1·it,quao
803 2859 847 2896 res
861 2845 904 2896 est

67 2941 138 2997 (lirae
150 2921 315 2997 cuiusquam
327 2921 455 2976 animum
469 2919 499 2975 in
513 2919 565 2976 hae
580 2938 664 2976 eausa
678 2919 797 2976 dubium
811 2920 903 2976 facere

66 3002 175 3077 possitt
217 3007 263 3058 28.
281 3000 344 3077 Ego
366 3000 442 3057 enim
460 3000 499 3056 sie
521 3000 662 3072 existimo,
677 2999 706 3056 in
724 3019 836 3056 summo
853 3000 904 3053 im·

67 3089 196 3157 peratore
214 3088 348 3157 quattuor
364 3079 415 3137 has
432 3100 475 3137 res
494 3080 584 3137 inesse
604 3087 743 3157 oportere,
756 3079 903 3137 seientiam

67 3163 105 3217 rei
116 3162 254 3223 militaris,
264 3162 407 3220 virtutem.
416 3161 623 3232 anctoritatem,
632 3161 807 3218 felicitatem.
834 3157 903 3224 Quis
