1988 3480
150 108 183 155 88
346 106 417 158 PRO
433 108 463 157 L.
478 108 632 159 munima
648 109 788 160 ORATIO.

150 228 263 287 semper
280 210 480 287 dignissimum
500 211 638 268 iudicavi:
661 210 739 288 quod
775 211 875 269 uidem
894 213 943 271 ins
963 215 991 273 ci

150 290 205 347 vile
220 291 353 358 didicisti,
366 310 422 347 non
438 292 539 357 (licata,
552 310 667 367 operam
683 230 841 366 perdillisti,
854 293 909 349 sed
924 293 992 351 illu

150 368 253 439 dicant,
263 370 369 427 nnllam
384 390 443 427 esse
455 372 483 427 in
496 371 543 427 illa
557 370 708 446 disciplina
720 370 863 428 munitam
879 372 918 429 ad
929 392 988 430 con

151 449 273 507 sulatum
285 450 367 506 viam.
403 456 510 507 Oinncs
524 450 600 506 enim
615 458 697 520 art-es,
708 469 780 526 quae
794 449 880 507 nobis
891 453 986 529 popul

151 527 379 586 ltm11anist11dia
392 529 552 599 conciliant,
564 537 592 585 et·
606 528 802 585 admirabilem
817 529 978 605 dignitate

150 615 179 665 ct
201 616 360 685 pererratam
385 610 538 665 utilitatem
563 608 669 664 delmnt
692 608 801 665 babere.
845 602 900 667 XI.
944 617 984 667 24

149 690 269 746 Sunium
288 690 413 763 dignitas
434 698 476 745 est
497 689 524 744 in
544 688 587 757 iis,
604 688 651 763 qni
672 687 788 743 militari
808 687 894 745 laude
915 708 953 745 an
975 716 979 725 ·

149 769 271 826 collant:
292 770 389 826 omma
403 770 487 831 onim,
498 787 569 844 quae
581 778 647 823 sunt
659 767 687 823 in
700 767 820 843 imperio
831 768 902 824 etin
915 776 974 826 stat

149 849 280 919 civitatis,
297 848 332 904 ab
349 849 383 904 iis
400 848 516 905 defendi
534 856 562 904 et
579 846 684 903 firmari
701 853 855 923 putantur:
877 866 987 903 sumu:

150 930 235 984 ctiam
250 928 374 984 utilitas:
397 928 419 982 si
429 928 549 1003 'quidem
567 946 665 984 eorum
683 926 801 983 consilio
818 933 848 983 et
862 928 988 1003 periculo

150 1025 215 1063 cum
229 1026 259 1063 re
273 1005 388 1082 publica
401 1014 463 1062 tum
480 1008 566 1064 etiam
584 1007 688 1064 nostris
704 1006 788 1063 rebus
801 1006 913 1082 perfrui
927 1027 979 1085 po:

150 1106 254 1143 sumus.
297 1086 397 1142 Gravis
414 1087 499 1143 etiam
515 1086 563 1143 illa
579 1095 621 1144 est
639 1094 667 1143 ct
681 1086 765 1164 plena
781 1086 934 1162 diguitatis
950 1089 983 1145 di

150 1167 232 1223 cendi
243 1166 371 1236 facultas,
382 1186 453 1243 quae
464 1186 547 1243 saepe
560 1167 647 1223 valuit
657 1167 687 1222 in
699 1166 813 1222 consule
824 1166 991 1243 deligenda

150 1266 233 1323 posse
249 1247 367 1304 consilio
384 1254 469 1322 atque
486 1247 614 1303 oratione
630 1254 659 1303 et
674 1253 787 1303 senatus
801 1254 830 1302 et
844 1247 947 1323 populi
961 1254 992 1305 et

150 1346 256 1397 corum,
273 1327 322 1404 qui
340 1345 384 1383 res
402 1326 664 1395 iudicant,1nentes
682 1344 855 1402 permovere.
897 1325 992 1394 Quae

150 1407 220 1463 ritur
236 1407 342 1472 consul,
359 1407 407 1482 qui
425 1406 546 1462 dicendo
565 1425 623 1461 non
641 1425 796 1481 mrmqnam
816 1406 991 1481 comprimat

149 1487 317 1543 tribunicios
333 1487 451 1554 furores,
468 1485 517 1562 qui
533 1485 707 1541 concitatum
725 1485 864 1561 populum
882 1484 988 1557 flectat,

150 1568 199 1643 qni
215 1567 360 1643 largitioni
375 1566 495 1622 resistat.
537 1564 604 1621 Non
626 1565 738 1634 mirmu,
755 1565 778 1620 si
799 1564 836 1620 ob
852 1563 927 1622 lianc
948 1566 990 1623 fa-

148 1648 283 1704 cultatem
300 1647 431 1704 homines
450 1664 532 1722 saepe
552 1645 637 1702 etiam
654 1664 713 1700 non
730 1644 840 1700 nobiles
858 1645 990 1703 consula·

148 1733 211 1783 tam
228 1727 372 1784 consecuti
389 1725 641 1801 sunt,praese1tim
659 1743 724 1780 enm
741 1724 810 1780 bace
827 1723 927 1793 eadem
944 1744 990 1783 ree

148 1806 284 1882 plurimas
296 1806 407 1882 gratias,
417 1805 592 1860 firmissimas
603 1804 750 1875 amicitias,
758 1803 883 1860 maxima
892 1805 991 1862 studia

149 1886 256 1960 pariat:
279 1903 400 1960 quoram
418 1884 445 1938 in
464 1883 519 1939 isto
535 1890 627 1939 vestro
645 1882 772 1953 artificio,
786 1883 903 1959 Sulpici,
915 1884 990 1941 nihil

35 1949 41 1958 ’
94 2030 97 2035 .
148 1970 199 2019 cst.
238 1970 284 2020 25.
305 1963 434 2019 Pn'mmu
450 1962 575 2038 dignitas
588 1964 689 2020 intem
703 1964 783 2020 tenui
797 1963 915 2020 scicntia
928 1981 990 2020 non

148 2049 245 2119 potest
259 2062 325 2099 csse.
361 2042 417 2099 Res
432 2042 508 2098 euim
523 2050 588 2099 suut
600 2062 709 2119 parvae,
720 2062 810 2119 prope
824 2042 852 2098 in
868 2042 991 2120 siugulis

149 2122 251 2179 litteris
267 2129 352 2198 atquc
366 2122 644 2199 interpunctionibus
658 2123 808 2180 verborum
824 2128 988 2199 occupatae.

149 2202 270 2273 Deinde,
286 2201 372 2258 etiam
392 2202 415 2258 si
433 2203 503 2279 quid
520 2203 596 2279 apud
613 2204 734 2260 maiores
753 2210 865 2260 nostros
882 2202 940 2259 fuit
956 2203 989 2259 in

148 2281 204 2337 isto
222 2282 317 2339 studio
334 2281 537 2353 admirationis
551 2283 581 2339 id
597 2283 760 2339 enuntiatis
767 2283 866 2340 vestris
882 2288 991 2359 myste-

148 2362 198 2418 riis
211 2368 306 2418 totum
320 2368 363 2418 est
377 2369 575 2439 contemptum
590 2369 618 2419 et
632 2362 782 2419 abiectum.
824 2362 926 2419 Posset
939 2362 989 2439 agi

148 2441 210 2518 lege
234 2461 323 2499 necue
347 2443 431 2518 pauci
454 2443 599 2519 quondam
624 2442 765 2499 sciebant:
795 2442 885 2498 fastos
908 2442 989 2499 enim

148 2522 234 2598 vulgo
251 2542 310 2579 non
323 2521 474 2580 habebant.
517 2522 606 2579 Erant
620 2521 649 2576 in
666 2540 771 2597 magna
787 2522 924 2598 potentia,
937 2521 989 2598 qui

148 2601 383 2659 consulebantur:
414 2622 432 2658 a
459 2602 562 2678 quibus
589 2601 674 2657 etiam
703 2601 771 2671 dies,
795 2608 942 2677 tamquam
969 2620 990 2658 a

148 2680 307 2750 Chaldaeis,
323 2681 499 2757 petebantur.
542 2681 679 2737 Inventus
698 2688 740 2737 est
760 2681 851 2738 scriba
870 2680 988 2757 quidam

147 2759 200 2815 Cn.
214 2759 334 2829 Flavius,
347 2761 396 2837 qui
410 2762 554 2817 cornicum
572 2759 670 2816 oculos
687 2759 835 2818 confixerit
849 2767 878 2817 et
892 2761 989 2836 siugu-

148 2838 183 2893 lis
200 2838 301 2895 dicbus
318 2840 460 2897 discendis
476 2841 566 2895 fastos
582 2839 690 2915 populo
707 2841 888 2916 proposuerit
905 2846 934 2896 et
950 2838 987 2895 ab

149 2919 219 2994 ipsis
233 2919 324 2975 causis
338 2920 407 2977 iuris
421 2918 614 2975 consultorum
630 2920 798 2994 sapientiam
815 2919 984 2996 compilarit.

150 2998 250 3075 ltaque
268 2998 333 3055 irati
350 2999 399 3069 illi,
416 2997 494 3074 quod
510 3004 576 3054 sunt
593 2999 674 3054 veriti
692 3018 727 3055 ne
746 3000 857 3056 dierum
876 3000 987 3056 ratione

149 3077 316 3154 pervulgata
329 3086 358 3135 et
371 3078 487 3153 cognita
500 3077 560 3134 sino
574 3097 624 3134 sua
641 3096 727 3154 opera
740 3078 802 3154 lege
819 3080 866 3155 agi
880 3084 986 3155 posset,

149 3158 235 3215 verba
254 3158 392 3234 quaedam
410 3165 639 3234 composnerunt,
656 3164 688 3214 ut
705 3158 838 3214 omnibus
855 3159 884 3214 in
904 3158 988 3214 rebus

149 3239 202 3308 ipsi
218 3240 392 3294 interessent.
425 3260 436 3283 ·
