2032 3472
96 111 128 158 3⁴2
268 109 305 156 IN
323 110 351 157 L.
367 107 569 157 CATILINAM
587 106 720 157 ORATIO
736 109 759 156 1.

97 211 233 288 petitores
249 216 315 266 tuos
332 206 488 266 interficere
506 208 629 279 voluisti,
645 209 799 285 compressi
816 217 936 268 conatus

96 298 162 347 tuos
176 289 300 345 nefarios
317 288 473 345 amicorum
487 288 629 365 praesidio
644 295 673 346 et
687 289 785 425 copiis,
798 289 877 346 nullo
892 298 935 348 tu-

95 368 169 425 mult
157 376 189 425 ιιι
209 367 322 460 publice
344 368 456 425 concita
456 374 503 425 ιο·
529 368 660 444 denique,
680 369 935 447 quotienscumque

95 468 141 506 me
158 468 200 540 pe
195 448 263 518 tisti,
280 467 331 524 per
346 454 426 505 met
414 446 468 504 tibi
488 447 584 504 obstit
564 454 595 518 ιι,
612 467 784 524 quamquam
802 449 934 508 videbam

94 528 249 620 perniciem
263 547 357 584 meam
372 547 437 584 cum
453 547 559 604 magna
575 527 734 585 calamitate
749 547 789 585 rer
781 528 934 604 publicae

95 628 155 665 esse
171 609 361 665 coniunctam.
406 613 451 665 12.
470 607 578 664 Nunc
571 627 628 664 1am
649 614 745 683 aperte
766 627 825 664 rem
843 608 934 684 publi-

94 707 156 745 cam
172 689 331 745 universam
348 688 440 764 petis:
461 687 570 764 templa
583 687 702 743 deorum
717 687 931 760 immortalium,

93 775 170 825 tecta
189 766 275 838 urbis,
291 767 380 824 vitam
398 767 527 823 omnium
549 767 662 836 civium,
676 766 787 824 Italiam
810 767 933 844 denique

93 854 185 904 totam
199 847 236 903 ιιι
250 847 370 904 exitium
384 866 416 903 ac
430 847 592 904 vastitatem
607 866 698 904 vocas.
741 845 804 914 Qua
817 866 847 904 re
847 867 933 938 ”quo

93 927 170 983 niam
184 927 216 983 id
216 927 312 1004 ,quod
326 933 369 983 est
382 926 508 1002 primum
523 933 551 983 et
562 927 641 1004 quod
654 926 760 983 huius'
753 927 866 1003 imperil
858 927 933 984 'dis-

93 1006 270 1083 ciplinacque
290 1007 432 1063 maiorum
452 1006 601 1082 proprium
622 1014 673 1077 est,
688 1007 789 1064 facere
802 1007 931 1064 nondum

92 1086 192 1156 audeo,
207 1087 312 1163 faciam
331 1086 361 1142 id
363 1086 461 1162 ,quod
480 1093 522 1143 est
541 1087 578 1144 ad
597 1087 776 1144 severitatem
793 1086 884 1144 lenius
903 1095 932 1145 et

92 1165 129 1222 ad
146 1185 327 1223 communem
347 1165 467 1224 salutem
484 1167 590 1225 utilius.
630 1167 746 1223 Nam
725 1186 748 1223 ει
765 1174 794 1224 te
810 1167 931 1225 interfici

91 1245 207 1318 iussero,
220 1247 355 1304 residebit
369 1248 399 1304 in
416 1266 446 1304 re
463 1246 578 1323 publica
593 1247 702 1324 reliqua
719 1247 931 1305 coniuratorum

91 1345 200 1385 manus.
243 1327 293 1384 Sin
309 1334 349 1398 tu,
366 1327 444 1404 quod
458 1334 486 1384 te
500 1327 557 1383 iam
575 1328 686 1385 dudum
700 1327 807 1399 hortor,
821 1328 929 1400 exieris,

91 1405 273 1463 exhaurietur
287 1427 321 1464 ex
338 1407 408 1464 urbe
422 1414 538 1464 tuorum
556 1408 694 1465 comitum
708 1427 814 1485 magna
828 1416 856 1465 et
870 1428 931 1485 per-

91 1485 198 1543 niciosa
212 1487 323 1544 sentina
337 1488 377 1545 rei
392 1488 530 1565 publicae.
569 1494 613 1546 13.
630 1487 708 1557 Quid
723 1496 772 1560 est,
789 1488 931 1547 Catilina?

90 1585 160 1623 num
178 1567 292 1624 dubitas
308 1568 340 1624 id
356 1569 514 1645 imperante
534 1588 581 1626 me
598 1569 699 1639 facere,
713 1569 791 1646 quod
807 1569 864 1625 iam
881 1578 930 1627 tua

91 1654 192 1723 sponte
203 1648 346 1707 faciebas?
380 1649 465 1706 Exire
480 1669 514 1706 ex
528 1648 597 1706 urbe
609 1649 687 1706 iubet
698 1649 797 1706 consul
808 1648 928 1707 hostem.

90 1724 253 1804 Interrogas
269 1747 324 1799 me,
337 1748 406 1785 num
425 1730 453 1784 in
471 1728 621 1785 exsilium?
662 1729 728 1785 Non
747 1729 848 1785 iubeo:
871 1730 928 1795 sed,

89 1806 174 1864 sime
189 1807 321 1878 consulis,
332 1808 445 1865 suadeo.
482 1806 533 1864 VI.
550 1807 628 1874 Quid
642 1815 684 1864 est
699 1807 783 1876 enim,
797 1807 928 1876 Catilina

90 1886 169 1961 quod
190 1893 219 1942 te
241 1887 299 1941 iam
319 1887 350 1942 in
369 1887 422 1942 hac
445 1885 513 1942 urbe
535 1886 673 1942 delectare
694 1886 803 1963 possitl
824 1885 853 1941 in
874 1905 930 1960 qua

89 1983 174 2020 nemo
189 1971 232 2021 est
248 1971 328 2021 extra
344 1965 428 2022 istam
445 1965 671 2022 coniurationem
688 1964 865 2042 perditorum
880 1965 930 2020 ho-

89 2044 201 2101 miuum
224 2045 273 2120 qui
297 2051 326 2101 te
349 2064 407 2101 nou
429 2051 547 2114 metuat,
565 2064 650 2101 nemo
674 2045 804 2122 quinon
827 2044 927 2103 oderit.

89 2122 168 2191 Quae
187 2131 257 2181 nota
274 2124 446 2182 domesticae
463 2125 650 2201 turpitudinis
668 2143 726 2180 non
744 2123 839 2180 inusta
855 2125 929 2183 vitae

88 2209 154 2260 tuae
169 2205 229 2261 estl
264 2202 348 2272 Quod
360 2205 533 2281 privatarum
548 2224 641 2261 rerum
657 2204 779 2261 dedecus
793 2224 851 2261 non
866 2205 930 2263 hac·

88 2290 132 2340 ret
148 2283 303 2341 infamiae?
325 2304 396 2362 quae
413 2284 503 2341 libido
522 2284 558 2341 ab
578 2284 674 2355 oculis,
689 2285 768 2361 quod
785 2284 896 2342 facinus
912 2306 929 2343 a

88 2364 221 2420 menibus
232 2383 368 2440 umquam
380 2365 445 2435 tuis
459 2365 536 2441 quod
547 2364 687 2441 flagitium
702 2372 763 2422 ato
765 2371 795 2422 to
811 2385 928 2443 corpore

88 2444 182 2502 afuit?
223 2444 278 2502 Oui
299 2451 331 2501 tu
356 2444 575 2514 adolescentule,
594 2464 680 2521 quem
704 2453 820 2523 corrupt
808 2446 928 2502 telarum

88 2522 228 2581 illecebris
244 2525 390 2594 irretisses,
402 2543 460 2580 non
478 2531 527 2581 aut
515 2525 578 2581 tad
595 2525 741 2581 audaciam
757 2526 864 2581 ferrum
879 2532 929 2582 aut

89 2602 281 2661 adlrbrdmem
291 2603 382 2660 facem
392 2603 568 2680 praetulisti
599 2609 643 2662 14.
653 2604 729 2672 Quid
739 2606 821 2661 vero
838 2624 929 2682 nuper

88 2701 153 2738 cum
175 2690 267 2740 morte
289 2684 441 2761 superioris
462 2685 558 2740 uxoris
579 2685 660 2740 novis
681 2684 789 2760 nuptiis
809 2685 927 2741 domum

88 2762 300 2831 vacuefecisses,
311 2782 406 2819 nonne
418 2764 503 2820 etiam
518 2764 573 2820 alio
588 2764 747 2821 incredibili
760 2765 861 2821 scelere
873 2765 928 2822 hoc

88 2841 179 2898 scelus
200 2842 368 2898 cumulasti?
394 2843 472 2918 quod
493 2863 546 2919 ego
571 2845 767 2921 praetermitto
792 2852 820 2901 et
844 2846 928 2902 facile

88 2922 183 3012 patior
200 2921 282 2991 sileri,
296 2941 331 2977 ne
348 2922 377 2976 in
393 2922 445 2978 hac
463 2923 577 2980 civitate
594 2925 666 2979 tanti
681 2925 816 2980 facinoris
830 2925 928 2979 imma-

87 3001 162 3056 nitas
179 3009 229 3059 aut
246 3001 386 3058 exstitisse
404 3009 527 3058 autnon
550 3003 693 3059 vindicata
713 3023 772 3060 esse
791 3004 925 3060 videatur.

88 3079 290 3138 Praetermitto
305 3083 401 3138 ruinas
415 3083 595 3138 fortunarum
610 3091 732 3175 tuarum,
746 3103 815 3159 quas
829 3102 928 3138 omnes

65 3156 243 3229 mpendere
255 3161 312 3219 tibi
317 3162 462 3236 proximis
473 3162 651 3225 Idibust
589 3170 651 3224 seut
650 3163 713 3224 ies:
731 3162 933 3232 adillsrenio,
