1988 3480
387 122 465 172 one.
481 121 614 185 1.--111.,§
634 117 689 173 1-c.
935 127 966 175 es

117 221 256 278 terfectus
270 229 314 278 est
326 229 445 298 propter·
455 224 592 300 quasdam
607 224 782 283 seditionum
794 227 967 304 suspitiones

118 301 150 358 Ο.
161 301 314 372 Gracchus,
329 301 484 358 clarissimo
502 310 591 379 patre,
603 323 665 374 avc,
677 305 842 377 maioribus,
857 307 966 364 occisus

117 389 246 438 osteum
266 381 362 437 liberis
382 381 420 438 M.
434 381 550 439 Fulvius
570 384 732 441 consularis,
776 385 870 442 Simili
890 406 965 444 sena-

117 467 164 517 tus
189 460 320 517 consulto
343 459 375 516 Ο.
389 459 480 518 Mario
505 469 534 519 et
555 462 585 520 L.
599 463 715 521 Valerio
738 465 903 523 consulibus
923 474 965 524 est

117 540 254 618 permissa
278 558 323 596 res
345 539 477 616 publica:
503 560 573 598 num
598 561 688 599 unum
712 543 788 599 diem
813 553 914 621 postea
933 545 964 604 L

122 624 307 681 Saturninum
321 621 469 678 tribunum
483 620 575 696 plebis
592 627 621 676 et
638 619 834 678 caerulum
853 631 963 698 praeto-

121 723 181 760 rem
198 700 275 759 mors
296 721 328 758 ac
344 701 385 757 rei
402 700 532 777 publicae
548 719 642 776 poena
658 707 799 758 remorata
819 703 880 758 esti
920 702 963 760 At

121 802 187 840 vero
211 802 265 839 nos
289 781 455 838 vicesimum
480 780 535 836 iam
560 779 638 836 diem
663 781 789 856 patimur
812 781 962 840 hebescere

120 863 211 919 aciem
236 862 339 918 horum
367 859 552 917 auctoritatis,
599 859 747 916 Habemus
775 861 852 918 enim
877 861 962 919 huius

120 942 201 1000 modi
218 948 332 998 senatus
350 940 520 1011 consultum,
531 958 629 996 verum
644 940 785 997 inclusum
803 942 833 997 in
847 941 960 1013 tabuiis,

120 1029 267 1099 tamquam
282 1022 312 1078 in
327 1021 429 1098 vagina
445 1021 634 1091 reconditum,
647 1040 704 1097 quo
719 1040 754 1077 ex
769 1029 882 1078 senatus
897 1041 962 1079 con-

119 1103 196 1159 sulto
213 1101 366 1159 confestim
386 1101 570 1157 interiectum
587 1107 616 1157 te
634 1120 701 1171 esse,
715 1100 846 1172 Catilina,
862 1118 962 1159 convc-

121 1183 172 1239 nit.
209 1182 299 1253 Vivis
312 1188 341 1238 et
358 1181 429 1237 vivis
443 1200 501 1237 non
516 1181 553 1237 ad
564 1181 772 1258 deponendam,
785 1182 835 1239 scd
846 1182 882 1238 ad
897 1201 962 1239 con-

119 1261 290 1319 firmandam
310 1261 465 1318 audaciam.
502 1259 605 1337 Cupio,
621 1267 716 1338 patres
737 1263 899 1338 conscripti,
914 1281 961 1319 me

120 1361 181 1398 esse
196 1342 373 1412 clementem,
386 1341 471 1417 cupio
485 1341 515 1396 in
529 1341 617 1398 tantis
631 1341 812 1418 reipublicae
826 1341 960 1418 periculis

120 1440 167 1478 me
186 1441 245 1478 uon
262 1420 433 1478 dissolutum
450 1421 548 1491 videri,
561 1421 685 1494 scdiam
702 1441 748 1479 me
765 1422 826 1498 ipse
843 1422 959 1479 inertiae

121 1501 320 1577 nequitiaeque
332 1499 500 1556 condemno
538 1506 563 1556 5.
577 1500 676 1556 Castra
687 1508 753 1557 sunt
764 1501 793 1557 in
803 1501 886 1558 ltalia
896 1521 957 1558 con·

120 1587 165 1636 tra
175 1579 314 1656 populum
324 1579 487 1634 Romanum
496 1579 526 1634 in
537 1579 666 1636 Etruriae
675 1580 805 1637 faucibus
815 1581 958 1651 collocata,

66 1731 69 1736 Δ
120 1660 222 1716 crescit
235 1659 266 1714 in
280 1659 340 1715 dies
356 1657 482 1734 singulos
493 1657 619 1714 hostium
635 1678 785 1716 numems:
804 1679 902 1716 eorum
914 1679 959 1716 au·

120 1745 180 1801 tem
195 1745 351 1796 castrorum
362 1737 563 1814 imperatorem
575 1738 733 1814 ducemque
747 1738 875 1796 hostium
886 1739 958 1797 intra

120 1819 236 1876 moenia
249 1825 334 1895 atque
349 1817 420 1874 adeo
435 1817 464 1872 in
479 1823 578 1873 senatu
592 1817 722 1874 videmus
732 1819 898 1875 intestinam
912 1819 957 1876 ali·

120 1917 207 1976 quam
221 1899 326 1955 cotidie
340 1897 496 1974 perniciem
513 1897 553 1953 rei
566 1897 697 1973 publicae
711 1898 885 1955 molientem.
928 1898 959 1958 Si

119 1984 149 2035 te
176 1979 242 2050 iam,
263 1978 394 2047 Catilina,
415 1976 626 2052 comprehendi,
647 1977 670 2033 si
694 1977 815 2036 interfici
842 1979 958 2050 iussero,

119 2059 213 2130 credo,
230 2058 282 2115 erit
296 2057 451 2114 verendum
467 2056 540 2112 mihi
554 2075 590 2113 ne
604 2076 662 2113 non
679 2059 776 2134 potius
790 2058 846 2115 hoc
860 2077 959 2115 omnes

120 2137 189 2195 boni
207 2139 294 2196 serius
312 2157 330 2194 a
348 2156 394 2194 me
412 2155 498 2212 quam
513 2136 666 2213 quisquam
687 2138 828 2194 crudelius
849 2139 959 2195 factum

120 2237 180 2274 esse
202 2218 285 2275 dicat.
321 2217 431 2274 Verum
450 2235 504 2291 ego
521 2215 585 2287 hoc,
600 2216 679 2292 quod
696 2217 751 2274 iam
771 2219 883 2294 pridem
902 2219 960 2276 fac-

119 2304 183 2354 tum
200 2317 260 2354 esse
277 2297 413 2372 oportuit,
426 2303 502 2352 certa
522 2295 558 2353 dc
579 2316 663 2352 causa
683 2297 812 2354 nondum
834 2298 960 2355 adducor

120 2384 153 2434 ut
183 2378 295 2434 faciam.
345 2375 421 2433 Tum
451 2375 573 2451 denique
603 2375 779 2447 interficiere,
806 2397 870 2434 cum
901 2379 958 2434 iam

120 2475 205 2514 nemo
224 2464 284 2514 tarn
306 2455 461 2531 improbus,
480 2460 539 2511 tam
560 2455 697 2531 perditus,
713 2464 772 2513 tam
794 2458 837 2513 tui
859 2457 959 2513 similis

120 2536 240 2594 inveniri
254 2536 361 2614 poterit
376 2535 425 2612 qni
439 2534 470 2591 id
483 2554 542 2591 non
556 2535 616 2592 iure
631 2535 740 2592 factum
755 2555 815 2593 esse
826 2537 956 2593 fateatur.

122 2621 148 2672 6.
164 2615 256 2684 Quam
274 2617 324 2673 diu
337 2616 489 2692 quisquam
504 2614 557 2670 erit
572 2614 663 2690 quite
678 2614 831 2672 defendere
846 2616 957 2685 audeat,

121 2694 205 2766 vives,
218 2703 247 2752 et
257 2696 334 2752 vives
347 2697 396 2765 ita,
408 2702 441 2751 ut
455 2693 533 2764 vivia,
546 2693 644 2751 multis
658 2695 729 2751 meis
743 2702 772 2752 et
782 2695 871 2752 firmis
881 2715 960 2772 prac-

121 2774 200 2830 sidiis
216 2793 376 2850 oppressus,
388 2793 424 2831 ne
441 2793 621 2831 commovere
638 2780 666 2830 ῖθ
681 2781 780 2832 eontra
793 2795 852 2833 rem
867 2775 960 2852 publia

120 2873 184 2910 cam
201 2854 299 2930 possis.
342 2853 499 2911 Multorum
515 2860 544 2910 ῖθ
562 2854 648 2910 ctiam
666 2855 740 2911 oculi
757 2863 786 2912 et
803 2875 883 2913 aures
899 2874 958 2912 non

120 2934 300 3002 sentientem,
317 2933 390 2990 sient
408 2933 503 2990 adhuc
524 2933 661 3003 fecerunt,
678 2934 899 3010 speculabuntur
919 2941 955 2991 at

120 3032 176 3090 que
190 3013 359 3070 custodient.

159 3093 212 3151 ΠΙ.
230 3093 350 3151 Etenim
366 3092 441 3173 quid
456 3099 511 3167 est,
524 3091 666 3164 cennius,
676 3092 763 3169 qued
769 3091 842 3144 'rem
858 3085 961 3154 amu&

109 3180 270 3244 exspectes,
284 3175 308 3234 si
323 3195 424 3256 neque
437 3196 502 3236 nox
511 3173 651 3235 tenenris
665 3172 833 3230 enecuere
844 3163 958 3214 coenus
976 3170 987 3191 x
