1988 3480
269 123 349 176 cAP.
366 125 547 187 xvi-xm,
564 123 683 184 11111.
852 125 901 174 111

60 226 291 304 quattuordecim
309 226 465 295 ordinibus,
478 245 544 283 cum
560 234 634 283 esset
652 226 716 304 lege
732 225 837 284 Roscia
855 226 902 283 de-

59 306 223 364 coctoribus
244 313 338 363 certus
359 307 438 363 locus
460 300 667 384 [constitutus],
684 307 814 383 quamvis
838 306 902 383 quis

59 386 587 458 fortunaevitio,nonsuodccoxissct.
620 386 900 462 Sumpsistivi'rilem,

60 485 147 543 quam
170 466 268 523 statim
292 466 460 522 muliebrem
481 474 580 542 togam
601 465 759 522 reddidisti.
802 466 901 543 Primo

60 547 177 622 vulgare
191 553 335 602 scortum:
357 552 434 602 certa
443 544 545 622 fiagitii
560 564 675 616 merces,
686 540 738 602 nec
752 565 785 602 ea
799 563 901 623 parva:
946 614 948 619 Ι

60 623 111 683 sed
125 626 183 683 cito
199 625 286 683 Curio
300 625 462 695 intervenit,
473 625 522 702 qui
536 632 596 682 tea
608 625 769 682 meretricio
784 632 903 702 quaestu

60 704 182 763 abduxit
196 712 226 762 et
239 714 388 782 tamquam
405 705 508 762 stolam
525 704 658 776 dedisset,
670 706 701 761 in
718 705 903 761 matrimonio

60 786 157 842 stabili
172 792 201 843 et
215 793 293 842 certo
308 785 465 842 collocavit.
508 790 555 842 45.
571 785 665 842 Nemo
681 804 819 861 umquam
833 803 904 861 puer

61 872 176 942 emptus
193 865 321 923 libidinis
338 884 422 922 causa
437 872 498 923 tam
514 865 572 922 fnit
589 865 618 922 in
635 864 747 922 domini
761 871 904 941 potestate
964 872 968 880 '

62 965 147 1023 quam
165 953 197 1003 tu
214 947 244 1002 in
262 945 403 1003 Curionis.
446 944 586 1014 Quotiens
600 951 629 1002 te
642 951 724 1022 pater
740 945 800 1001 eius
814 944 903 1000 domu

62 1044 113 1082 sua
126 1026 227 1104 1111111
249 1027 381 1103 quotiens
395 1025 528 1083 custodes
544 1025 649 1102 posuit,
662 1044 698 1082 ne
714 1025 802 1081 limen
819 1024 905 1080 intra-

61 1107 124 1163 1111
148 1125 213 1163 cum
234 1113 266 1164 tu
289 1116 395 1177 tamen,
410 1113 495 1163 nocte
520 1106 604 1175 socia,
619 1104 754 1162 hortante
774 1104 902 1174 libidine,

61 1193 182 1263 cogente
195 1187 334 1257 mercede,
346 1205 398 1262 per
411 1185 522 1262 tegulas
536 1186 725 1242 demitterere.
764 1183 843 1251 Quae
857 1182 905 1240 fla-

61 1266 133 1343 gitia
157 1267 261 1324 domus
284 1266 333 1322 illa
354 1265 463 1322 diutius
483 1265 557 1321 ferre
579 1283 638 1320 non
658 1265 763 1340 potuit.
806 1263 905 1319 Scisne

61 1365 109 1403 me
137 1346 173 1402 de
200 1346 285 1402 rebus
309 1345 381 1401 mihi
406 1345 564 1401 notissimis
588 1344 703 1401 diceret
745 1342 905 1400 Recordare
943 1350 945 1352 ’

62 1431 177 1500 tempus
199 1425 278 1494 illud,
294 1443 359 1480 curn
382 1431 463 1500 pater
485 1424 573 1480 Curio
595 1442 724 1480 maerens
746 1422 856 1480 iacebat
874 1423 904 1479 in

62 1503 154 1561 lect-o:
176 1503 251 1561 filius
263 1523 292 1560 se
306 1503 344 1560 ad
354 1503 441 1579 pedes
452 1522 532 1559 meos
542 1509 732 1580 prosternens,
745 1502 903 1573 lacrimans,

62 1589 92 1640 te
113 1583 186 1639 mihi
207 1582 445 1640 commendabat:
471 1582 578 1654 orabat,
593 1590 626 1639 ut
647 1590 675 1640 te
698 1589 798 1640 contra
821 1602 904 1639 suum
978 1608 981 1615 ·

63 1670 183 1738 patrem,
196 1663 220 1719 si
234 1662 396 1719 sestertium
411 1662 558 1738 sexagiens
572 1669 691 1740 poteret,
702 1662 904 1721 defenderem:

63 1749 177 1799 tantum
199 1743 275 1799 enim
295 1761 325 1799 se
345 1761 398 1818 pro
417 1747 446 1798 te
466 1742 657 1799 intercessisse
676 1743 796 1800 dicebat.
825 1742 906 1819 ‚lpse

64 1829 160 1879 autem
184 1841 281 1879 amore
302 1822 403 1879 ardens
424 1821 618 1890 confirmabat,
634 1822 713 1899 quod
733 1822 904 1880 desiderium

63 1902 107 1957 tui
125 1901 237 1959 discidii
254 1902 328 1959 ferre
347 1920 406 1958 non
423 1907 527 1979 posset,
544 1921 573 1959 se
592 1902 622 1958 in
640 1902 770 1959 exsilium
788 1903 903 1959 itnmm.

64 1985 111 2038 46.
128 1980 192 2050 Quo
206 1988 336 2059 tempore
353 2000 407 2058 ego
423 1987 529 2058 quanta
545 1981 621 2039 mala
634 1981 851 2039 florentissimae
865 1982 906 2038 fa-

64 2061 160 2119 miliae
180 2061 276 2119 sedavi
293 2061 337 2119 vel
354 2061 451 2138 potins
468 2060 586 2120 sustuli!
628 2061 709 2119 Patri
725 2062 859 2140 persuasi,
872 2067 906 2118 ut

64 2160 111 2197 aes
133 2142 258 2199 alienum
280 2141 332 2198 filii
355 2141 539 2199 dissolveret:
567 2142 721 2199 redimeret
745 2141 906 2199 adolescen-

63 2225 132 2290 tem,
145 2240 257 2278 summa
277 2240 327 2296 spe
349 2227 378 2277 et
398 2221 487 2289 animi
506 2228 535 2277 et
554 2221 664 2297 ingenii
680 2221 852 2297 praeditum,
864 2221 905 2277 rei

65 2298 214 2356 familiaris
224 2298 409 2356 facultatibus
420 2318 542 2375 eumque
553 2319 611 2356 non
626 2300 714 2357 modo
725 2307 776 2356 tua
785 2301 907 2357 familia-

65 2377 158 2447 ritate,
171 2378 319 2435 sedetiam
334 2378 534 2454 congressione
545 2380 638 2455 patrio
652 2379 713 2436 iure
725 2386 754 2436 et
764 2387 906 2456 potestate

65 2457 237 2533 prohiberet.
280 2457 360 2514 Haec
377 2464 410 2514 tu
426 2476 492 2514 cum
509 2477 560 2535 per
576 2478 623 2516 me
639 2465 703 2515 acta
718 2459 905 2529 meminisses,
979 2475 981 2484 ·

66 2537 121 2593 nisi
139 2538 202 2608 illis,
216 2556 288 2614 quos
301 2537 439 2608 videmus,
451 2537 554 2614 gladiis
571 2536 907 2611 confideres,maledictis
971 2608 976 2617 Ι

65 2635 112 2673 me
124 2635 277 2693 provocare
288 2636 372 2673 ausus
383 2618 475 2674 esses?
506 2617 589 2674 XIX.
615 2617 662 2675 47.
673 2616 730 2675 Sed
741 2618 798 2674 iam
810 2624 908 2694 stupra

67 2704 96 2752 et
116 2695 226 2772 flagitia
247 2697 422 2768 omittamus
439 2703 506 2754 sunt
527 2696 674 2773 quaedam,
691 2716 763 2774 quae
787 2697 907 2754 honeste

19 2775 21 2780 ’
67 2794 125 2832 non
146 2795 263 2853 possum
281 2776 393 2833 dicere:
417 2782 450 2833 tu
472 2783 567 2834 autem
589 2796 623 2834 eo
643 2777 767 2848 liberior,
780 2777 857 2854 quod
874 2795 908 2833 ea

67 2855 97 2911 in
112 2861 140 2912 te
155 2856 304 2926 admisisti,
318 2874 389 2931 quae
404 2875 421 2913 a
434 2856 593 2913 verecundo
605 2857 722 2914 inimico
736 2857 834 2914 audire
848 2875 907 2913 non

67 2953 174 3011 posses.
217 2934 274 2992 Sed
298 2935 439 3013 reliquum
461 2935 536 2993 vitae
557 2955 670 2992 cursum
687 2937 799 2994 videte:
822 2954 907 3012 quern

68 3014 184 3090 quidem
202 3014 330 3071 celeriter
345 3015 543 3091 perstringam.
585 3015 635 3072 Ad
650 3015 721 3072 haec
738 3017 823 3085 enim,
836 3033 908 3092 quae

67 3093 98 3149 in
113 3094 189 3150 civili
203 3094 287 3165 bello,
300 3095 330 3151 in
344 3095 477 3151 maximis
490 3095 531 3150 rei
545 3094 675 3171 publicae
689 3095 818 3150 miseriis
828 3094 921 3152 leem,

68 3178 97 3229 et
116 3173 152 3229 ad
172 3192 297 3251 eaquae
314 3173 423 3232 cotidie
440 3173 663 3246 iacit,lestinat
678 3172 812 3228 1111111111.
851 3164 946 3224 Qffi

202 3271 242 3323 20
