1988 3480
64 130 108 173 Ιῦϋ
197 127 267 174 PRO
284 126 314 173 Τ.
329 125 443 174 ANNIO
460 125 597 174 MILONE
615 124 756 175 ORATIO.

61 226 105 283 his
124 225 297 281 testimoniis
316 225 374 281 sint
390 225 544 283 confectae.
587 225 718 281 Primum
740 231 815 282 certe
832 226 901 285 libe

61 312 139 361 ratur
153 303 222 360 Milo
239 324 298 360 uon
315 324 349 361 eo
367 304 486 361 consilio
500 306 646 381 profectus
658 325 726 375 esse,
739 313 771 362 ut
785 306 901 364 insidia-

60 391 139 442 retur
155 384 184 440 iu
199 384 244 440 via
260 383 381 441 Clodio:
404 385 518 461 quippe,
531 386 554 441 si
569 384 616 441 ille
632 385 733 442 obvius
748 386 773 442 ei
784 385 901 444 futurus

61 464 179 522 omnino
194 484 252 520 non
267 473 333 522 erat.
370 464 582 522 Deinde—non
597 466 673 522 enim
685 465 768 522 video
780 485 829 522 cur
840 486 899 523 non

60 564 156 601 meum
170 564 282 621 quoque
297 564 380 621 agam
391 545 668 621 negotium-scitis,
681 545 797 616 iudices,
810 546 900 604 fuisse

61 626 111 703 qui
122 626 151 681 in
163 624 215 681 hae
230 626 378 701 rogatione
393 625 537 682 suadenda
547 625 674 682 dicerent
685 625 801 682 Milonis
812 645 899 684 mauu

61 705 175 762 caedem
198 724 258 762 esse
278 705 393 776 factam,
409 705 528 762 oonsilio
547 725 613 762 vero
634 706 750 761 maioris
771 705 897 765 alicuius

61 785 108 842 Me
129 785 261 842 videlicet
282 785 421 841 latronem
443 805 474 841 ac
496 786 627 842 sicarium
649 785 752 841 abiecti
767 784 900 843 homines

61 873 90 921 et
106 865 211 941 perditi
228 864 433 922 describebant.
477 865 574 921 lacent
591 865 648 920 suis
664 865 786 921 testibus
807 866 835 937 ii,
850 867 899 942 qui

61 944 195 1002 Clodium
213 952 319 1020 negant
337 964 370 1001 eo
388 945 434 1001 die
449 943 580 1015 Romam,
593 945 647 1000 nisi
665 945 700 1001 de
715 944 792 1022 Cyro
806 946 900 1003 audis-

61 1031 111 1094 set,
125 1024 212 1081 fuisse
223 1024 388 1081 rediturum.
424 1023 580 1101 Respiravi,
592 1025 726 1081 liberatus
737 1044 818 1083 sum:
839 1045 899 1083 nou

61 1123 159 1161 vereor
172 1123 216 1175 nc,
228 1104 305 1180 quod
316 1123 352 1161 ue
367 1105 501 1181 suspicari
514 1105 628 1181 quidem
640 1105 792 1181 potuerim,
802 1105 900 1162 videar

61 1184 91 1241 id
106 1184 252 1260 cogitasse.
295 1188 341 1240 48.
358 1183 442 1241 Nune
456 1203 608 1261 persequar
621 1193 720 1242 cetera.
764 1184 838 1241 Nam
854 1204 900 1242 oc-

62 1264 148 1322 currit
168 1264 255 1321 illud:
281 1262 374 1339 Igitur
397 1283 433 1321 ne
454 1263 572 1321 Clodius
594 1264 709 1342 quidem
730 1265 766 1322 de
787 1265 900 1322 insidiis

62 1344 206 1420 cogitavit,
220 1343 355 1420 quoniam
370 1344 427 1401 fuit
438 1345 467 1400 in
478 1343 592 1401 Albano
606 1363 762 1402 mansurus.
796 1344 827 1402 Si
839 1346 900 1421 qui·

62 1424 128 1481 dem
145 1425 271 1481 exiturus
287 1423 324 1480 ad
341 1424 456 1480 caedem
471 1444 486 1480 e
501 1423 566 1480 tilla
582 1443 640 1480 non
655 1424 763 1481 fuisset.
803 1425 899 1483 Video

62 1505 136 1561 enirn
148 1504 237 1575 illum,
251 1504 300 1581 qui
314 1504 425 1561 dicatur
439 1504 474 1561 dc
485 1504 554 1580 Cyri
568 1510 660 1561 morte
675 1505 827 1574 nuntiasse,
840 1524 899 1563 uon

62 1584 93 1641 id
101 1585 253 1655 nuntiasse,
262 1585 312 1641 sed
323 1583 460 1642 Milonem
472 1584 708 1661 appropinquare.
741 1584 817 1641 Nam
829 1585 901 1661 quid

61 1665 98 1722 de
115 1665 191 1742 Cyro
208 1664 360 1735 nuntiaret,
372 1684 456 1741 quern
474 1663 592 1721 Clodius
609 1663 703 1721 Roma
718 1663 901 1741 proficiscens

62 1745 212 1822 reliquerat
225 1745 414 1807 morientem?
448 1744 516 1802 Una
526 1744 578 1814 fui,
587 1751 791 1801 testamentum
803 1739 899 1824 [Cyri]

62 1826 146 1882 simul
171 1825 321 1901 obsignavi
341 1844 407 1881 eum
429 1824 549 1881 Clodio:
578 1830 781 1881 testamentum
802 1832 900 1882 autem

61 1905 155 1982 palam
179 1906 286 1961 fecerat
308 1910 337 1961 et
359 1903 440 1960 illum
462 1903 596 1961 heredem
621 1911 649 1961 et
673 1925 720 1962 me
741 1905 898 1981 scripserat.

62 1984 154 2053 Quem
171 1984 263 2060 pridie
280 1983 350 2040 hora
366 1984 450 2040 tertia
466 1984 591 2040 animam
613 1984 754 2042 efflantem
774 1985 901 2061 reliquis-

62 2071 112 2134 set,
126 2084 191 2121 cum
205 2071 350 2120 mortuum
368 2064 506 2140 postridie
522 2064 593 2121 hora
609 2065 720 2122 decima
734 2065 856 2142 denique
873 2066 901 2123 ei

62 2142 264 2201 nuntiabatur?
305 2143 388 2201 XIX.
422 2150 468 2201 49.
484 2144 557 2221 Age,
570 2145 607 2201 sit
621 2145 662 2201 ita
678 2145 805 2202 factum:
828 2165 901 2222 quae

62 2243 146 2281 eausa
172 2243 222 2280 our
246 2223 368 2280 Romam
393 2225 576 2302 properaretl
605 2244 655 2281 cur
679 2225 708 2281 in
734 2232 849 2282 noctem
870 2245 901 2284 se

61 2304 232 2361 coniiceretl
272 2303 350 2372 Quid
373 2305 521 2362 adferebat
549 2324 662 2361 causam
689 2305 901 2364 festinationisl

62 2383 147 2452 Quod
160 2384 242 2441 heres
256 2386 334 2441 erati
374 2385 506 2442 Primum
523 2392 583 2442 erat
597 2384 668 2441 nihil
684 2403 733 2441 cur
747 2393 901 2462 properato

62 2484 135 2542 opus
152 2471 240 2522 esset:
263 2465 367 2522 deinde
388 2466 411 2521 si
436 2465 505 2541 quid
522 2471 603 2534 esset,
617 2465 686 2540 quid
703 2464 820 2522 tandem
841 2473 901 2523 erat

63 2544 140 2621 quod
162 2565 194 2602 ea
215 2553 298 2602 noete
320 2546 454 2622 consequi
476 2551 579 2621 posset,
592 2545 736 2602 amitteret
757 2552 861 2616 autem,
877 2545 900 2602 si

62 2623 200 2701 postridie
214 2624 337 2681 Romam
351 2645 434 2681 mane
449 2625 588 2681 venisset?
622 2624 720 2701 Atque
734 2632 767 2681 ut
780 2624 822 2681 illi
836 2643 903 2681 uoc-

62 2711 163 2761 turnus
180 2704 216 2760 ad
230 2704 329 2760 urbem
344 2704 482 2761 adventus
496 2703 630 2760 vitandus
644 2704 741 2781 potius
756 2723 842 2782 quam
856 2723 904 2760 ex-

62 2784 202 2861 petendus
213 2785 278 2855 fuit,
288 2784 327 2840 sio
338 2783 448 2853 Miloni,
457 2803 526 2861 curn¹
533 2783 683 2840 insidiator
694 2791 774 2854 esset,
786 2784 809 2839 si
820 2782 901 2840 illum

63 2865 99 2921 ad
123 2865 223 2921 urbem
247 2872 331 2921 noete
359 2883 535 2920 accessurum
561 2863 675 2933 sciebat,
696 2863 902 2920 subsidendum

62 2953 148 3020 atquc
173 2944 395 3020 exspectandum
420 2943 484 3000 fuit.
524 2950 569 2999 50.
586 2942 691 3013 Noctu,
712 2943 851 3000 insidioso
873 2949 902 2999 ct

62 3024 147 3100 pleno
166 3023 308 3080 latronum
325 3024 355 3079 in
373 3022 435 3078 loco
453 3023 619 3079 occidisset:
642 3041 726 3079 nemo
741 3024 767 3079 ei
784 3023 903 3097 neganti

62 3121 120 3157 non
136 3102 309 3173 credidisset,
323 3121 407 3180 quem
423 3121 482 3157 esse
497 3121 597 3158 omnes
611 3102 720 3158 salvum
736 3103 820 3158 etiarn
837 3120 903 3157 con-

43 3177 181 3236 fitentem
206 3182 315 3241 uolunt.
361 3181 554 3242 Sustinuisaet
573 3181 631 3240 boo
653 3180 763 3239 orimeu
778 3181 910 3253 primum
