1988 3480
399 107 479 158 CAP.
495 106 618 169 11.,111.‚
634 104 648 167 ἕ
662 108 720 158 3-9.
890 103 894 109 ’
931 110 978 158 141

137 222 215 266 mors
225 205 258 266 P.
267 207 363 265 Clodii
378 207 453 264 salus
466 213 559 264 vestra
572 207 668 279 fuerit,
678 208 785 266 idcirco
801 227 864 266 eam
878 209 980 267 virtuti

138 287 255 345 Milonis
269 289 367 365 potius
383 307 469 364 quam
486 287 587 364 populi
601 287 725 345 Romani
739 288 872 346 felicitati
886 289 978 366 adsig-

137 369 219 424 netis
263 367 314 424 Sin
331 367 409 423 illius
424 367 544 424 insidiae
561 367 692 424 clariores
708 368 762 424 hae
779 368 842 425 luce
859 369 978 440 fuerint,

138 454 201 504 tum
216 447 338 523 denique
353 445 509 504 obsecrabo
523 447 743 524 obtestaborque
754 468 813 518 vos,
823 449 941 520 iudices,
954 449 979 506 si

138 535 231 584 cetera
244 527 399 597 amisimus,
411 527 466 583 hoc
483 526 583 584 saltem
598 527 682 583 nobis
696 535 728 584 ut
742 528 927 604 relinquatur,
939 529 980 585 vi-

138 613 198 663 tam
213 607 248 663 ab
260 607 441 664 inimieorum
456 607 575 664 audacia
584 607 705 684 telisque
719 614 752 664 ut
763 608 880 684 impune
895 608 983 667 liceat

72 701 73 704 ’
138 686 299 744 defendere.

179 766 234 824 ΙΙΙ,
271 767 296 824 7.
313 766 370 824 Sed
387 773 453 824 aute
471 786 556 843 quam
574 766 611 823 ad
627 786 690 824 eam
708 768 867 824 orationem
884 768 980 838 venio,

139 865 211 922 quac
226 854 268 903 cst
279 847 394 924 propria
407 854 515 904 vestrae
530 848 714 924 quaestionis
725 848 857 904 videntur
871 867 904 904 ea
918 867 982 904 esse·

139 926 298 997 refutanda,
308 947 381 1004 quae
394 935 423 984 et
437 928 467 983 in
478 936 578 985 senatu
592 928 628 984 ab
643 929 768 985 inimicis
781 948 864 1005 saepe
875 928 979 985 iactata

139 1013 250 1063 suntet
267 1007 296 1063 in
318 1008 451 1064 contione
473 1008 508 1064 ab
528 1008 669 1085 improbis
688 1017 717 1074 et
737 1009 833 1086 paullo
856 1015 921 1065 ante
942 1007 980 1064 ab

139 1086 356 1158 accusatoribus,
364 1095 397 1144 ut
409 1089 488 1144 omni
500 1108 592 1145 errore
607 1088 721 1145 sublato
734 1108 793 1145 rem
805 1089 896 1165 plano,
906 1107 982 1165 quae

138 1167 233 1223 veniat
249 1167 280 1223 in
301 1168 448 1239 iudicium,
461 1168 556 1225 videre
573 1169 697 1244 possitis.
740 1168 855 1244 Negant
873 1167 978 1224 intueri

138 1243 230 1304 lucem
246 1266 305 1304 esse
316 1248 361 1303 fas
375 1248 410 1319 ei,
423 1249 472 1324 qui
487 1268 504 1304 a
518 1268 548 1304 se
560 1248 708 1304 hominem
724 1248 849 1304 occisum
864 1267 923 1303 esse
938 1248 979 1303 fa-

139 1332 239 1383 teatur.
276 1326 378 1403 Inque
391 1328 507 1384 tandem
520 1327 588 1384 urbe
602 1328 658 1383 hoc
672 1328 805 1383 homines
818 1327 978 1382 stultissimi

140 1405 305 1482 disputanti
326 1426 429 1482 nempe
452 1407 480 1462 in
503 1407 769 1483 ea‚quaep1·imum
788 1407 925 1463 iudicium
942 1406 981 1463 de

140 1485 234 1561 capite
252 1485 324 1541 vidit
345 1485 383 1543 M.
397 1485 520 1557 Horatii,
533 1487 683 1543 fortissimi
704 1487 765 1558 viri,
779 1487 827 1563 qui
848 1486 979 1543 nondum

140 1563 229 1621 libera
245 1564 360 1621 civitate
377 1573 474 1621 tamen
488 1566 588 1642 populi
602 1566 726 1623 Romani
741 1565 868 1624 comitiis
880 1565 983 1623 libera-

140 1651 187 1700 tus
204 1650 254 1714 est,
267 1663 332 1700 cum
350 1664 402 1701 sua
417 1664 504 1702 manu
521 1665 646 1703 sororem
664 1666 724 1703 esse
741 1647 922 1704 interfectam
937 1647 979 1702 fa-

141 1730 254 1780 teretur.
299 1730 323 1781 8.
339 1723 388 1780 An
406 1732 448 1781 est
466 1726 615 1802 quisquam
634 1726 683 1802 qui
704 1727 758 1783 hoo
775 1727 896 1804 ignoret,
912 1745 979 1783 cum

142 1803 176 1860 de
198 1803 314 1860 homine
335 1804 429 1861 occiso
451 1812 609 1880 quaeratur,
621 1813 670 1862 aut
691 1807 787 1883 negari
809 1806 898 1864 solere
919 1827 983 1864 om=

141 1884 209 1940 nino
231 1903 290 1940 esse
307 1884 417 1941 factum
438 1891 488 1941 aut
504 1891 579 1942 recte
597 1892 627 1942 et
642 1886 702 1942 iure
719 1888 828 1944 iactum
851 1907 910 1944 esse
931 1887 982 1944 de-

140 1962 240 2020 fendil
280 1963 344 2021 Nisi
361 1984 428 2021 vero
449 1964 617 2022 existimatis
637 1965 800 2023 dementem
821 1966 854 2023 P.
867 1965 979 2023 Africa-

140 2061 209 2100 num
224 2044 321 2115 fuisse,
334 2044 383 2121 qui
398 2064 463 2102 cum
481 2064 498 2101 a
514 2044 546 2101 O,
555 2044 686 2102 Carbone
700 2045 817 2102 tribuno
831 2045 922 2122 plebis
938 2065 982 2102 se-

141 2123 243 2180 ditiose
260 2125 290 2179 in
310 2125 445 2181 contione
462 2124 686 2202 interrogaretur
700 2126 769 2202 quid
786 2125 822 2182 de
839 2125 881 2183 Ti.
893 2125 983 2183 Grae-

140 2203 186 2258 ehi
208 2211 300 2260 morte
321 2205 447 2275 sentiret,
462 2205 641 2281 responderit
661 2205 722 2262 iure
743 2225 857 2262 caesum
878 2205 979 2263 videri.

80 2357 82 2361 ⁷
141 2280 241 2359 Neque
262 2283 338 2339 enim
360 2291 456 2359 posset
477 2291 526 2339 aut
542 2283 637 2340 Ahala
658 2285 703 2341 ille
721 2284 858 2342 Servilius
877 2294 926 2342 aut
942 2285 979 2341 Ρ.

141 2361 244 2418 Nasica
260 2370 309 2419 aut
324 2361 355 2419 L.
363 2362 495 2440 Opimius
510 2370 559 2420 aut
573 2363 605 2420 O.
615 2363 722 2420 Marius
738 2371 788 2420 aut
801 2383 848 2420 me
862 2364 981 2421 consule

141 2443 320 2498 senatusnon
332 2444 457 2500 nefarius
465 2442 570 2514 haberi,
580 2443 603 2499 si
615 2442 764 2499 sceleratos
773 2443 847 2499 cives
858 2443 978 2500 interfici

141 2521 221 2576 nefas
232 2528 312 2578 esset.
346 2521 445 2598 Itaque
456 2523 519 2592 hoc,
530 2523 645 2592 iudices
656 2541 715 2578 non
727 2523 786 2578 sine
798 2542 881 2579 causa
892 2523 979 2579 etiam

141 2599 215 2656 fictis
231 2601 337 2657 fabulis
354 2602 512 2658 doctissimi
528 2603 660 2659 homines
677 2603 832 2658 memoriae
847 2601 977 2678 prodide

141 2689 215 2749 runt,
229 2700 302 2751 eum,
316 2682 364 2756 qui
382 2682 470 2757 patris
487 2682 642 2739 ulciscendi
659 2701 744 2738 causa
762 2690 881 2738 matrem
899 2701 980 2738 ncea·

141 2760 235 2829 visset,
244 2760 357 2816 variatis
371 2760 523 2829 hominum
537 2763 686 2819 sententiis
699 2781 757 2818 non
770 2761 861 2818 solum
873 2761 980 2831 divina,

142 2839 298 2896 sedetiam
320 2840 544 2917 sapientissimae
565 2841 635 2898 deae
656 2842 797 2899 sententia
817 2840 979 2898 liberatum

143 2924 168 2976 9.
185 2918 269 2987 Quod
284 2920 307 2976 si
322 2919 474 2977 duodecim
488 2921 601 2978 tabulae
615 2929 787 2979 nocturnum
802 2920 895 2978 furem
911 2940 982 2997 quo-

142 3018 199 3075 quo
216 2999 312 3069 modo,
325 2999 460 3056 diurnum
477 3007 581 3070 autem,
594 3001 617 3056 si
634 3021 663 3058 se
678 3001 736 3057 telo
751 3001 925 3071 defenderet,
938 3001 979 3056 in·

141 3079 231 3136 terfici
245 3080 362 3156 impune
377 3079 535 3150 voluerunt,
549 3080 612 3156 quis
629 3088 671 3137 est
689 3080 746 3156 qui,
760 3099 875 3156 quoquo
890 3079 981 3135 modo

142 3159 205 3224 ouis
226 3159 394 3216 interfectus
415 3159 461 3232 sit,
476 3159 678 3238 poenienuum
696 3166 799 3237 putet„
810 3175 886 3212 cum
899 3153 986 3206 axos
