1988 3480
336 126 413 178 cae.
430 128 559 190 1v.-vr.,
576 127 589 188 s
605 129 677 178 r-ra.
896 128 928 176 rs

88 231 175 302 Quod
185 231 209 288 si
220 232 250 287 in
261 230 328 286 vino
343 236 372 287 et
383 229 443 287 alea
457 229 677 287 comessationes
692 229 784 288 solum
796 236 825 287 et
836 235 929 295 scorta

89 317 264 389 quaererent,
276 316 370 366 essent
384 309 425 366 illi
442 310 559 388 quidem
576 309 754 386 desperandi,
767 310 818 367 sed
831 316 928 378 tamen

88 397 182 449 essent
202 390 330 447 ferendi:
355 389 410 446 hoc
433 409 499 446 vero
521 391 586 466 quis
607 390 681 447 ferre
704 390 804 467 possit,
824 390 929 447 inertes

87 472 220 529 homines
239 470 404 526 fortissimis
422 470 490 526 viris
508 469 645 541 insidiari,
661 469 845 526 stultissimos
864 489 930 546 pru-

88 550 271 621 dentissimis,
282 549 409 606 ebriosos
419 549 529 621 sobriis,
541 549 715 606 dormientes
726 550 929 626 vigilantibusl

89 632 139 709 qui
155 631 227 687 mihi
244 628 413 687 accubantes
429 630 460 685 in
477 629 623 700 conviviis
638 629 781 706 complexi
796 630 929 687 mulieres

87 711 255 788 impudicae,
264 710 331 766 vino
342 709 478 786 languidi,
487 709 609 767 conferti
619 709 692 776 cibo,
701 710 782 767 sertis
793 709 928 779 redimiti,

87 791 243 869 unguentis
260 789 350 861 obliti,
363 789 504 847 debilitati
521 789 635 866 stupris,
648 796 779 847 eructant
795 789 931 846 sermoni·

87 872 142 928 bus
155 871 213 929 suis
227 870 343 928 caedem
356 870 499 927 bonorum
513 877 599 947 atque
613 869 691 927 urbis
705 869 844 926 incendia.
882 873 928 925 11.

88 951 199 1020 Quibus
213 970 267 1028 ego
282 949 395 1007 confido
410 950 575 1027 impendere
589 951 683 1008 fatum
698 949 813 1026 aliquod
825 955 854 1006 et-
864 967 931 1024 poe-

85 1051 155 1088 nam
176 1033 234 1088 iam
253 1031 303 1088 diu
323 1030 511 1106 improbitati,
527 1031 680 1108 nequitiae,
696 1029 806 1100 sceleri,
816 1028 929 1085 libidini

88 1111 214 1169 debitam
236 1118 286 1168 aut
304 1111 409 1168 instare
430 1111 487 1167 iam
506 1111 758 1188 planeaut'certe
778 1108 931 1186 appropin-

89 1211 182 1269 quare.
225 1190 304 1259 Quos
328 1191 352 1247 si
374 1209 455 1248 meus
479 1191 651 1262 consulatus
671 1189 807 1267 quoniam
833 1207 930 1244 sanare

88 1291 146 1328 non
157 1277 261 1349 potest,
272 1270 429 1343 sustulerit,
435 1290 495 1328 non
508 1270 593 1328 breve
607 1270 703 1328 nescio
718 1268 796 1347 quod
806 1274 929 1342 tempus,

89 1351 139 1408 scd
149 1351 240 1408 multa
254 1350 364 1408 saecula
377 1351 543 1428 propagarit
556 1351 597 1407 rei
611 1350 748 1428 publicae.
785 1347 873 1405 Nulla
887 1354 931 1404 cst

90 1431 167 1487 enim
195 1431 275 1486 natio
304 1449 390 1506 quam
417 1431 658 1507 pertimescamus
682 1429 776 1486 nullus
804 1447 853 1486 rex
881 1427 931 1504 qui

89 1508 197 1566 bellum
212 1509 322 1586 populo
339 1508 470 1566 Romano
487 1510 581 1566 facere
597 1509 696 1586 possit.
738 1508 845 1566 Omnia
864 1514 931 1564 sunt

90 1596 206 1646 externa
219 1589 304 1645 unius
315 1589 419 1645 virtute
433 1596 508 1645 terra
521 1590 649 1665 marique
661 1595 779 1664 pacata:
797 1586 932 1644 domesti-

91 1688 156 1727 cum
167 1668 274 1725 bellum
285 1675 390 1740 manet,
400 1669 477 1724 intus
488 1668 607 1725 insidiae
619 1675 693 1739 sunt,
701 1668 779 1724 intus
789 1667 931 1724 inclusum

90 1749 248 1826 periculum
266 1755 316 1818 est,
328 1748 406 1805 intus
423 1754 465 1805 est
479 1747 577 1806 hostis.
620 1747 695 1804 Cum
712 1747 823 1804 luxuria
839 1747 930 1818 nobis,

91 1848 156 1898 cum
171 1829 305 1899 amentia,
317 1848 383 1885 cum
397 1828 500 1885 scelere
514 1827 681 1884 certandum
696 1834 746 1885 est.
784 1827 862 1884 Huic
877 1847 931 1904 ego

90 1929 136 1966 me
156 1908 231 1966 bello
249 1909 351 1965 ducem
367 1906 511 1985 profiteor,
527 1906 668 1975 Quirites:
696 1907 818 1984 suscipio
840 1907 933 1964 inimi-

90 1989 172 2046 citias
192 1989 344 2046 hominum
365 1988 559 2065 perditorum:
582 2007 654 2066 quae
675 1988 767 2044 sanari
786 1994 931 2064 poterunt,

91 2089 271 2147 quacumque
291 2069 401 2126 ratione
423 2068 545 2125 sanabo:
571 2087 643 2145 quae
664 2068 817 2125 resecanda
839 2074 931 2138 erunt,

91 2168 151 2206 non
167 2150 260 2227 patiar
278 2149 315 2205 ad
331 2148 485 2226 perniciem
503 2148 626 2205 civitatis
641 2167 764 2205 manere.
806 2146 933 2220 Proinde

91 2237 142 2286 aut
158 2235 259 2287 exeant
276 2236 325 2286 aut
343 2229 488 2305 quiescant
505 2234 562 2299 aut,
578 2228 602 2284 si
619 2229 694 2285 etin
711 2227 781 2285 urbe
798 2227 873 2284 etin
890 2246 933 2284 ca-

92 2310 158 2366 dem
172 2315 269 2366 mente
282 2315 458 2386 permanent,
468 2327 502 2365 ea
516 2327 587 2385 quae
601 2314 746 2365 merentur
759 2313 931 2384 exspectent.

132 2388 185 2446 VI.
226 2394 271 2446 12.
293 2388 336 2445 At
350 2389 438 2447 etiam
452 2395 519 2445 sunt
534 2388 582 2464 qui
597 2388 702 2459 dicant,
713 2386 846 2457 Quirites,
857 2405 874 2442 a
886 2405 933 2442 mc

92 2468 123 2526 in
144 2468 275 2526 exsilium
297 2469 419 2526 eiectum
441 2487 501 2524 esse
522 2467 684 2524 Catilinam.
727 2466 813 2534 Quod
833 2484 888 2541 ego
910 2465 933 2521 si

93 2548 180 2605 verbo
196 2549 314 2626 adsequi
330 2558 453 2625 possem,
465 2548 536 2604 istos
552 2548 630 2623 ipsos
647 2546 785 2616 eiicerem,
798 2545 847 2621 qui
864 2545 934 2602 hace

94 2625 257 2703 loquuntur.
300 2626 398 2684 Homo
413 2628 490 2684 enim
504 2626 637 2684 videlicet
650 2626 769 2682 timidus
784 2625 933 2681 autetiam

95 2707 292 2783 permodestus
305 2727 405 2764 vocem
419 2707 544 2764 consulis
557 2707 631 2763 ferre
644 2725 702 2762 non
714 2705 826 2782 potuit:
849 2703 934 2761 simul

96 2791 181 2862 atque
189 2786 230 2842 ire
238 2787 269 2842 in
278 2787 408 2844 exsilium
417 2787 510 2844 iussus
521 2793 571 2856 est,
580 2786 682 2862 paruit.
715 2785 791 2853 Quin
800 2785 934 2841 hesterno

96 2865 151 2935 dic,
164 2885 229 2922 cum
247 2865 346 2922 domui
359 2886 439 2924 meae
456 2886 545 2943 paone
562 2866 729 2923 interiectus
746 2884 844 2934 essem,
858 2883 934 2921 sena·

95 2952 158 3002 tum
176 2945 205 3001 in
223 2945 321 3002 aedem
339 2945 415 3002 Iovis
432 2946 553 3003 Statoris
569 2946 676 3016 vocavi,
689 2964 748 3002 rem
766 2963 881 3000 omnem
898 2943 935 2999 ad

95 3031 190 3102 patres
211 3026 387 3103 conscriptos
408 3026 513 3082 detuli:
537 3045 594 3103 quo
615 3044 682 3081 cum
702 3024 831 3080 Catilina
846 3023 941 3100 uenis

93 3111 144 3176 set,
157 3105 220 3182 quis
234 3124 302 3165 eum
316 3113 433 3166 senator
448 3106 628 3186 appellatus
646 3095 888 3179 quxssssmss‘s
901 3106 974 3166 Ψ

85 3184 215 3268 denique
228 3188 275 3248 ita
289 3190 409 3272 aspexis
422 3197 460 3250 ut
468 3188 632 3271 perditum
646 3183 752 3241 ensem
761 3192 801 3230 ac
810 3184 884 3222 non
889 3165 991 3227 som
