1988 3480
251 139 329 188 cae.
345 137 482 199 xxxix,
497 137 565 200 xn,
582 136 600 215 ςΙ
611 139 701 186 su-ss.
853 140 897 187 ns

59 242 122 299 loco
143 242 250 299 lenum
272 241 473 316 flammamque
494 246 664 311 metuemuS,
677 259 748 317 quac
770 240 826 297 iam
848 241 897 298 diu
919 276 923 282 ·

58 328 274 398 comparantur:
297 320 397 377 eadem
411 320 466 376 ista
480 320 584 391 omnia,
597 320 621 376 si
636 328 735 377 oruata
749 321 807 376 suis
821 340 894 398 prae

59 401 139 458 sidiis
160 401 213 457 crit
234 420 278 457 res
297 399 420 477 publica,
436 399 522 456 facile
543 406 571 456 ct
591 399 811 476 magistratuum
833 420 894 458 con»

59 481 129 538 siliis
146 487 175 537 et
192 480 368 556 privatorum
383 478 533 556 diligentia
549 480 782 554 comprimentur.

99 559 160 617 XL.
204 565 249 616 86.
269 559 348 627 Quae
365 578 431 615 cum
450 558 492 614 ita
508 558 574 628 sint,
587 558 702 629 iudiceS,
715 560 839 636 primurn
857 560 896 618 rei

58 639 189 717 publicae
208 658 299 710 causa,
316 658 372 715 qua
391 637 469 694 nulla
487 657 531 694 res
550 639 682 715 cuiquam
699 639 797 716 potior
813 639 899 698 debct'

58 739 126 790 esse,
137 739 188 775 vos
202 738 254 795 pro
268 737 333 776 mea
347 737 459 774 summa
473 723 501 774 et
515 716 597 774 vobis
611 719 727 795 cognita
740 719 770 774 in
785 738 814 776 re
828 719 899 796 pub·

58 799 112 857 lica
129 799 285 875 diligentia,
298 817 411 869 moneo,
423 816 476 874 pro
494 798 663 856 auctoritate
680 798 821 856 consulari
835 799 899 855 hor-

57 887 111 950 tor,
128 898 181 956 pro
205 877 404 956 magnitudine
424 877 543 954 periculi
568 877 703 949 obtestor,
721 885 754 935 ut
778 879 847 949 otio,
866 885 898 935 ut

37 1021 40 1028 ,
58 960 129 1035 paci,
145 965 178 1016 ut
196 958 289 1028 saluti,
302 964 334 1015 ut
352 957 427 1014 vitae
444 964 552 1014 vestrae
570 965 599 1015 et
615 965 774 1015 ceteromm
791 959 896 1016 civium

58 1038 227 1096 consulatis:
250 1037 354 1094 deinde
373 1056 427 1115 ego
444 1037 521 1094 idem
538 1057 589 1095 vos
606 1038 765 1096 defensoris
784 1045 813 1095 et
830 1039 898 1095 anri-

58 1118 84 1175 ci
101 1117 195 1175 officio
212 1118 353 1175 adductus
370 1136 420 1174 oro
438 1124 523 1195 atque
541 1111 668 1189 obsecro,
683 1119 800 1189 iudiceS,
812 1125 845 1175 ut
861 1137 897 1174 ne

57 1197 182 1255 hominis
203 1198 299 1254 miseri
321 1204 434 1254 etcum
455 1198 582 1274 corporis
602 1197 704 1254 morbo
725 1206 788 1255 tum
809 1197 897 1254 animi

58 1277 155 1334 dolore
172 1278 306 1347 confecti,
319 1276 350 1334 L.
362 1277 505 1347 Murenae,
517 1285 659 1335 recentem
676 1276 897 1353 gratulationem

47 1377 132 1413 nova
152 1356 356 1414 lamentatione
377 1356 510 1413 obruatis.
554 1356 642 1413 Modo
667 1356 793 1412 maximo
814 1356 899 1413 bene·
971 1392 973 1398 ι

57 1435 123 1492 ficio
147 1436 248 1513 populi
270 1436 394 1493 Romani
419 1444 534 1492 ornatus
555 1436 718 1492 fortunatus
739 1434 896 1506 videbatur,

59 1515 138 1592 quod
153 1517 263 1592 primus
280 1516 310 1572 in
327 1515 466 1572 familiam
484 1522 616 1586 veterem,
632 1515 741 1592 primus
759 1516 789 1571 in
806 1516 899 1571 muni-

58 1595 167 1671 cipium
188 1595 419 1672 antiquissimum
441 1595 619 1651 consulatum
641 1594 798 1651 attulisset:
822 1615 898 1651 nunc

59 1674 136 1731 idem
148 1674 277 1752 squalore
289 1681 317 1731 et
332 1674 463 1731 sordibus
474 1674 629 1745 confectus,
640 1673 764 1731 lacrimis
778 1694 810 1731 ac
824 1694 899 1730 mae-

59 1773 122 1812 rore
145 1755 283 1832 perdituS,
305 1761 397 1811 vester
421 1762 464 1811 est
488 1753 615 1830 supplex,
637 1753 753 1825 iudices,
775 1761 897 1810 vestram

34 1829 145 1891 *fidem
170 1834 337 1906 obtestatur,
359 1842 479 1890 uestram
504 1833 728 1890 misericordiam
753 1833 896 1910 implorat,

59 1921 181 1972 vestram
202 1921 374 1992 potestatem
396 1933 428 1971 ac
449 1921 555 1970 vestras
576 1932 645 1991 opes
666 1914 800 1971 intuetur.
851 1913 896 1971 87.

59 1994 165 2066 Nolite,
181 2013 232 2071 per
249 1995 317 2051 deos
336 1993 527 2051 immortales!
549 1994 664 2066 iudices,
676 1993 730 2051 hac
749 2014 814 2051 curn
834 2013 897 2050 cunc

58 2093 97 2145 re,
113 2094 169 2152 qua
193 2094 222 2131 se
242 2073 436 2131 honestiorem
457 2074 520 2130 fore
544 2074 663 2150 putavit,
686 2075 772 2131 etiam
798 2074 898 2131 ceteris

59 2161 125 2211 ante
139 2154 228 2231 partis
242 2153 440 2211 honestatibus
457 2160 542 2230 atquc
559 2155 638 2210 omni
653 2154 794 2231 dignitate
808 2154 899 2210 fortu-

59 2253 151 2310 naque
165 2235 284 2310 privare.
327 2233 424 2310 Atque
439 2235 480 2291 ita
493 2254 544 2290 vos
559 2235 582 2290 si
597 2233 627 2291 L.
641 2234 767 2304 Murena,
780 2233 896 2302 iudices,

60 2321 122 2370 orat
136 2321 221 2391 atque
236 2313 372 2384 obsecrat,
385 2314 408 2370 si
422 2314 526 2371 iniuste
540 2315 684 2370 neminem
700 2314 788 2384 laesit,
801 2313 824 2368 si
839 2313 899 2369 nul-

60 2392 114 2449 lius
131 2412 211 2449 aures
228 2393 439 2450 voluntatemve
456 2391 581 2464 violavit,
597 2394 621 2449 si
638 2394 754 2463 nemini,
771 2401 803 2450 ut
820 2392 899 2449 levis-

61 2473 131 2529 sime
143 2473 244 2543 dicam,
255 2472 322 2528 odio
337 2492 389 2530 nec
403 2473 483 2529 dorni
498 2492 549 2529 nec
563 2473 683 2530 militiae
694 2474 759 2543 fuit,
771 2473 808 2529 sit
822 2473 898 2548 apud

35 2589 38 2593 -
60 2572 111 2608 vos
135 2552 293 2609 modestiae
313 2552 400 2623 locus,
419 2553 456 2609 sit
477 2553 608 2609 demissis
629 2552 784 2609 luminibus
804 2552 900 2629 perfu-

60 2632 149 2708 gium,
163 2632 199 2688 sit
216 2632 352 2688 auxilium
369 2632 481 2710 pudori.
524 2632 747 2688 Misericordiam
766 2632 899 2708 spoliatio

61 2712 224 2768 consulatus
237 2731 371 2788 magnam
383 2712 485 2769 habere
501 2711 593 2781 debet,
607 2711 729 2768 iudices:
752 2731 809 2768 una
823 2712 899 2768 enirn

61 2791 220 2867 eripiuntur
234 2810 299 2847 curn
314 2792 462 2849 consulatu
477 2791 580 2848 omnia.
618 2791 759 2847 Invidiam
774 2810 840 2848 vero
856 2790 900 2846 his

61 2870 239 2947 temporibus
260 2870 362 2927 habere
387 2870 549 2928 consulatus
573 2872 634 2947 ipse
658 2871 764 2926 nullam
787 2876 898 2946 potest:

62 2950 195 3007 obiicitur
210 2951 286 3007 enim
301 2950 473 3007 coitionibus
488 2951 696 3020 seditiosorum,
709 2951 821 3007 insidiis
836 2969 901 3006 con·
924 2989 926 2992 ψ

63 3031 227 3101 iuratorum,
243 3030 307 3086 telis
328 3029 483 3087 Catilinae:
512 3030 548 3086 ad
574 3050 658 3086 omne
681 3030 805 3107 denique
828 3029 901 3106 peri-

63 3110 157 3166 culum
179 3119 263 3186 atquc
284 3109 321 3165 ad
342 3129 456 3166 omnem
478 3110 615 3167 invidiam
637 3110 713 3167 solus
734 3111 906 3184 opponitur.

64 3195 108 3247 88.
132 3189 195 3259 Qua
211 3210 240 3247 re
259 3189 329 3268 quid
345 3189 537 3248 invidendum
550 3189 699 3247 ldurenas
714 3195 771 3244 aut
785 3185 935 3251 canopum
