1988 3480
70 116 118 163 alu
147 111 183 161 lx
203 112 238 161 ll.
254 111 445 161 au'rtrs'wn
461 110 602 161 oun'r10
619 110 848 163 PHILIPPICA
864 111 895 162 II.

71 216 263 283 uurnitatium,
283 213 464 289 vet-tigulium
491 211 749 290 flagitiosissimae
775 216 918 275 nundinae

72 307 117 352 au.
137 296 248 352 Etenim
265 315 336 372 quur
352 314 395 350 ros
408 295 529 369 egestati
543 301 574 351 et
588 295 651 352 aeri
667 295 771 354 alieno
787 305 840 355 tuo
854 317 920 375 prae

71 388 114 434 tor
136 386 257 431 mortmu
282 374 409 431 t'aesaris
432 373 582 430 subvenire
608 376 784 450 potuisset?
827 377 920 434 Nescio

71 452 561 533 110110001ιο1)οι100000001110τίοε
587 471 661 510 num
689 456 769 532 quid
792 457 921 515 subtimes

72 557 105 593 m·
123 536 159 592 aul
177 546 204 591 te
223 534 276 591 boe
294 535 400 590 crimen
418 532 559 610 pertinere
574 533 736 593 videatur?
780 535 922 596 Liberote
940 578 943 582 -

71 628 168 673 nwtu:
191 634 276 670 nemo
298 613 393 671 malet
410 630 564 688 umquam:
586 630 647 669 uon
670 622 721 672 est
739 622 830 673 tuum
850 617 884 675 de
897 637 923 674 re

71 696 186 773 publiea
202 695 274 751 bene
291 694 411 750 tumori:
436 692 522 750 babet
540 692 624 749 istius
641 692 844 768 pulcherrimi
861 698 923 755 faeti

80 776 241 833 latissimos
253 775 327 831 viros
341 772 509 851 respublica
522 779 674 830 auctores:
698 794 762 851 ego
773 784 805 834 te
816 784 923 834 tantum

71 856 193 929 mutilare
215 853 289 923 dieo,
308 853 409 918 iecisse
432 872 490 909 nou
514 871 611 928 arguo.
657 851 822 931 Respondi
844 858 924 914 maxi-

71 937 126 991 mis
143 933 326 990 criminibus:
349 952 424 990 nune
442 933 528 990 etiam
545 931 666 1009 reliquis
682 936 923 1012 respondendum

71 1026 121 1071 est.

113 1093 177 1151 ΧΥ.
209 1095 254 1149 37.
271 1091 371 1149 Castra
391 1092 463 1149 mibi
480 1091 613 1168 Pompeii
634 1098 726 1169 atque
747 1095 825 1154 illud
844 1116 924 1154 omne

71 1182 185 1251 tempus
206 1173 344 1230 obiecisti.
380 1172 444 1240 Quo
462 1171 577 1248 quidem
597 1180 732 1248 tempore
756 1175 793 1246 si,
807 1185 842 1234 ut
859 1177 922 1248 dixi,

72 1275 167 1311 mrum
196 1253 346 1311 eonsilium
375 1253 584 1329 auctoritasque
608 1250 757 1325 valuisset,
779 1264 815 1313 tu
840 1256 924 1314 hodie

71 1355 176 1408 000100,
190 1354 242 1390 nos
256 1333 337 1390 liberi
352 1350 492 1390 essemus:
515 1351 558 1388 res
572 1330 688 1408 publiea
702 1351 765 1390 non
779 1341 829 1393 tot
840 1337 924 1394 duees

71 1428 98 1472 et
121 1415 261 1471 exereitus
288 1414 435 1470 amisisset.
479 1411 581 1468 Fateor
604 1411 681 1468 enim
707 1431 767 1478 me,
788 1434 858 1473 eum
884 1435 922 1486 ea

72 1514 143 1570 ‹pnre
153 1495 324 1560 rua-iderunt,
335 1493 511 1569 providerem
523 1492 628 1568 futura,
637 1498 720 1548 tanta
730 1492 762 1548 in
776 1496 925 1553 maestitia

72 1574 289 1649 1010000000ῐο
307 1573 393 1629 ceteri
414 1572 518 1648 optimi
535 1571 618 1641 cives,
631 1571 654 1627 si
675 1570 755 1628 idem
779 1576 924 1650 providis·

72 1662 143 1723 sent,
155 1653 283 1710 fuissent.
326 1651 476 1721 Dolebam‚
486 1650 627 1718 dolebam,
637 1656 734 1727 patres
749 1655 922 1733 conscripti,

72 1753 130 1789 rem
143 1733 286 1809 publicam
299 1732 398 1789 vestris
412 1731 556 1807 quondam
572 1730 697 1806 meisque
709 1732 846 1791 consiliis
857 1754 924 1792 eon·

72 1821 211 1868 serratam
232 1811 309 1869 brevi
329 1820 458 1888 tempore
479 1830 539 1867 esse
560 1809 723 1886 perituram.
769 1811 836 1871 Nee
855 1834 921 1872 vero

72 1912 148 1948 0000
170 1899 228 1948 tam
251 1891 384 1948 indoctus
405 1891 574 1966 ignarusque
596 1908 697 1960 rerum,
713 1897 747 1947 ut
768 1891 923 1970 frangerer

72 1972 168 2028 animo
186 1977 305 2046 propter
325 1970 400 2026 vitae
421 1970 617 2047 cupiditatem,
633 1988 705 2045 quae
725 1988 773 2027 me
796 1990 921 2031 manens

72 2049 223 2105 oontieeret
237 2047 400 2122 angoribus
413 2049 531 2106 dimissa
544 2048 682 2106 molestiis
696 2050 837 2108 omnibus
852 2053 921 2111 libe-

72 2134 153 2185 raret.
197 2125 264 2183 lllos
285 2145 340 2202 ego
364 2130 622 2208 praestantissimos
643 2129 726 2198 viros
741 2128 859 2188 lumina
878 2134 920 2190 rei

71 2206 210 2286 publicae,
222 2207 316 2264 vivere
337 2207 476 2279 volebam,
488 2216 533 2266 tot
555 2207 724 2278 consulares
735 2216 782 2266 tot
803 2221 920 2286 praeto

71 2289 137 2359 rios,
154 2296 199 2346 tot
223 2287 612 2358 honestissimos,senatores
628 2307 742 2345 omnem
767 2299 920 2366 praeterea

71 2369 170 2436 florem
193 2368 352 2426 nobilitatis
373 2388 405 2426 ae
422 2369 586 2438 1000010110,
598 2376 659 2425 tum
678 2369 857 2446 optimorum
881 2373 919 2430 01-

72 2450 150 2505 vimn
165 2449 321 2506 exereitus:
344 2449 393 2525 qni
408 2448 432 2504 si
446 2449 581 2517 viverent,
592 2450 722 2524 quamvis
735 2449 835 2525 iniqua
849 2470 919 2509 eon-

71 2529 184 2585 dieione
206 2528 396 2605 pacis—mihi
420 2528 498 2585 enirn
523 2528 616 2584 omnis
636 2547 691 2605 pax
716 2548 780 2598 eum
803 2529 918 2590 civibus

72 2608 146 2665 bello
168 2609 245 2665 civili
267 2607 366 2665 utilior
385 2607 633 2665 videbatur—rem
656 2607 799 2684 publicam
826 2608 918 2669 hodie

71 2696 241 2745 teneremus.
286 2693 332 2744 38.
349 2686 428 2755 Quae
448 2688 589 2745 sententia
607 2689 630 2744 si
648 2687 781 2744 valuisset
799 2705 832 2743 00
854 2707 917 2747 000

71 2769 96 2824 01
115 2768 239 2824 maxime
255 2767 337 2838 mihi,
350 2786 472 2844 quorum
492 2787 546 2844 ego
563 2769 637 2825 vitae
658 2765 850 2835 consulebam,
863 2787 917 2845 spe

72 2848 207 2905 victoriae
226 2847 293 2905 elati
311 2848 497 2917 obstitissent,
509 2855 542 2904 ut
560 2847 615 2904 alia
634 2847 774 2913 omittam,
786 2853 818 2902 tu
837 2856 917 2906 eerte

72 2947 229 3005 numquam
244 2929 274 2985 in
288 2927 344 2985 hoo
361 2928 460 2984 ordine
475 2927 518 2984 vel
532 2928 629 3003 potius
643 2945 799 3002 numquam
814 2926 842 2982 in
859 2926 915 2985 hae

72 3007 141 3065 urbe
163 3008 322 3065 mansisses,
345 3039 348 3046 ·
365 3008 407 3065 At
428 3027 494 3064 vero
515 3007 567 3064 Cn.
581 3007 713 3083 Pompeii
734 3005 914 3064 voluntatem

72 3105 89 3141 a
104 3106 149 3144 me
163 3088 305 3144 alienabat
320 3088 411 3144 oratio
425 3106 496 3144 mea.
535 3087 583 3143 An
598 3086 644 3143 ille
659 3105 832 3163 quemquam
846 3086 913 3162 plus

72 3163 191 3225 dilexitl
212 3185 278 3225 eum
296 3167 354 3225 ullo
370 3173 421 3226 aut
434 3185 580 3225 sermones
595 3172 647 3224 aut
659 3165 783 3222 00001110
793 3165 921 3217 0001010
