1988 3480
317 126 396 176 cnr.
414 127 569 190 vr.-V111.‚
587 126 601 188 o
617 127 703 175 14·‘.>o.
885 129 932 175 ns

92 227 146 286 erit
156 227 304 305 parricida,
315 226 339 283 si
351 226 400 303 qui
414 227 590 284 consularem
605 234 714 304 patrem
731 246 816 305 quam
832 227 856 284 si
868 229 932 306 quis

91 307 230 365 humilem
244 307 360 378 necarit,
372 313 422 363 aut
437 326 470 364 eo
484 327 561 364 mors
575 307 698 365 atrocior
713 309 766 365 erit
783 307 816 365 P.
825 307 929 381 Clodii,

91 388 170 464 quod
184 388 208 444 is
222 387 252 443 in
263 387 457 444 monumentis
467 387 608 444 maiorum
623 408 737 446 suorum
750 389 787 445 sit
801 389 932 447 interfec-

90 467 234 524 tus-hoe
252 467 327 524 enim
343 467 378 523 ab
393 467 455 524 istis
472 487 555 545 saepe
569 468 835 546 dieitur-proinde
850 470 931 547 quasi

90 548 206 624 Appius
220 546 266 604 ille
281 546 390 605 Caecus
403 547 478 604 viam
493 548 654 618 muniverit,
665 568 723 604 nou
738 569 794 625 qua
807 549 931 626 populus

91 635 226 697 uteretur,
239 628 289 684 sed
303 627 352 684 ubi
367 627 485 704 impune
500 628 543 684 sui
557 629 664 704 posteri
679 627 930 688 latrocinarenturl

44 746 48 753 -
94 714 137 765 18.
150 707 249 785 Itaque
261 709 291 763 in
303 708 401 765 eadem
412 708 468 764 ista
477 708 575 784 Appia
585 709 631 765 via
641 728 707 785 oum
718 709 931 766 ornatissimum

91 788 216 864 equitem
235 787 398 844 Romanum
415 788 448 845 P.
459 788 577 845 Clodius
595 788 632 846 M.
644 789 792 866 Papirium
814 789 932 846 occidis-

91 876 141 937 set,
155 887 213 924 non
230 868 287 925 fuit
304 868 375 925 illud
388 868 500 925 facinus
516 869 726 946 poeniendum:
748 869 836 926 horno
854 870 931 927 enim

91 946 195 1004 nobilis
212 948 242 1004 in
257 949 315 1005 suis
332 949 526 1006 monumentis
541 950 666 1027 equitem
681 949 845 1006 Romanum
860 950 932 1007 oeci-

92 1027 188 1084 derat:
209 1047 285 1086 nuno
300 1029 428 1087 eiusdem
440 1028 552 1107 Appiae
567 1049 672 1086 nornen
688 1037 807 1107 quantas
821 1037 932 1106 tragoe

92 1107 153 1165 dias
174 1109 294 1167 excitat!
336 1108 416 1179 Quae
437 1117 584 1167 cruentata
608 1117 691 1168 antea
711 1111 796 1167 caede
817 1110 931 1167 honesti

91 1195 176 1265 atque
197 1189 359 1247 innocentis
379 1190 432 1247 viri
454 1190 597 1260 silebatur,
613 1190 712 1247 eadem
735 1209 811 1246 nune
833 1189 930 1246 erebro

91 1276 251 1345 usurpatur,
269 1277 371 1347 postea
392 1290 477 1347 quam
502 1271 620 1326 latronis
641 1277 670 1326 et
690 1270 847 1345 parricidae
871 1289 932 1325 san-

91 1349 178 1425 guine
195 1348 307 1406 imbuta
323 1357 373 1406 est.
417 1349 475 1406 Sed
492 1349 562 1425 quid
579 1368 633 1424 ego
650 1348 699 1404 illa
719 1349 931 1405 commemoro?

92 1428 323 1504 Comprehensos
337 1436 380 1485 est
396 1429 425 1484 in
443 1429 552 1504 templo
569 1427 695 1484 Castoris
714 1447 810 1484 servus
826 1427 859 1484 P.
868 1427 932 1484 Clo

93 1508 141 1578 dii,
155 1526 240 1584 quem
255 1508 302 1565 ille
316 1508 353 1564 ad
364 1507 416 1564 Cn.
425 1507 597 1583 Pompeium
609 1506 836 1563 interficiendum
849 1506 932 1564 collo

92 1595 185 1643 earat:
208 1593 319 1643 extorta
333 1594 376 1643 est
390 1586 537 1643 confitenti
552 1587 609 1642 siea
623 1586 658 1642 de
673 1586 820 1644 manibus:
842 1587 932 1644 caruit

92 1667 158 1724 foro
174 1673 276 1743 postea
292 1666 455 1742 Pompeius,
468 1667 558 1723 caruit
576 1673 682 1736 senatu,
695 1667 785 1723 caruit
799 1666 931 1743 publico:

93 1748 177 1804 ianua
192 1767 221 1803 se
235 1766 267 1803 ao
278 1745 441 1823 parietibus,
454 1765 512 1802 non
527 1747 587 1803 inre
598 1745 694 1822 legum
705 1747 932 1823 iudiciorumque

93 1827 172 1884 texit.
216 1832 260 1884 19.
277 1827 355 1883 Num
373 1845 444 1903 quae
466 1826 577 1903 rogatio
598 1826 663 1897 lata,
675 1845 745 1882 num
767 1846 839 1902 quae
859 1845 933 1883 nova

94 1907 222 1984 quaestio
240 1907 353 1964 decreta
369 1908 430 1964 est?
471 1905 563 1983 Atqui
578 1906 601 1962 si
616 1925 667 1978 reS,
681 1907 704 1963 si
718 1907 768 1977 vir,
781 1907 804 1963 si
818 1912 933 1983 tempus

93 1987 183 2044 ullum
201 1987 321 2063 dignum
337 1987 403 2057 fuit,
416 1993 491 2044 oerte
507 1987 576 2044 haee
597 1986 627 2042 iu
648 1986 697 2045 illa
717 2005 801 2043 eausa
821 2006 933 2044 summa

93 2068 190 2124 omnia
210 2068 334 2125 fuerunt.
378 2067 532 2124 Insidiator
556 2073 616 2124 erat
637 2066 667 2123 in
691 2068 756 2124 foro
778 2067 933 2124 eollooatus

93 2155 178 2225 atque
195 2148 225 2204 in
242 2147 383 2205 vestibulo
400 2148 463 2224 ipso
486 2154 607 2219 senatus
620 2147 646 2204 ei
662 2147 723 2205 viro
743 2155 838 2204 autem
856 2166 933 2204 mors

93 2228 253 2305 parabatur,
266 2229 346 2284 euius
367 2228 398 2283 in
415 2228 475 2284 vita
495 2227 639 2285 nitebatur
660 2228 734 2285 salus
753 2227 885 2299 civitatis,
898 2246 933 2284 eo

94 2327 179 2384 porro
197 2309 236 2364 rei
253 2307 384 2384 publicae
398 2313 535 2383 tempore,
549 2326 614 2383 quo,
627 2307 651 2362 si
668 2326 742 2363 unus
758 2306 805 2363 ille
819 2307 934 2363 cecidis-

95 2394 145 2457 set,
158 2407 216 2444 uon
233 2387 302 2444 liaeo
320 2386 412 2443 solum
427 2387 534 2457 civitas,
547 2386 597 2443 sed
611 2393 711 2462 gentes
728 2405 827 2443 omnes
842 2386 935 2442 eonci-

95 2466 211 2524 dissent.
254 2467 317 2523 Nisi
338 2486 404 2523 vero
426 2467 493 2542 quia
514 2466 643 2542 perfecta
664 2485 708 2522 res
729 2485 787 2522 non
809 2472 860 2535 est,
875 2484 933 2521 non

95 2547 153 2603 fuit
169 2546 336 2622 poenienda,
348 2545 469 2622 proinde
487 2545 567 2622 qnasi
584 2545 676 2602 exitus
695 2564 797 2616 rerum,
810 2564 868 2601 uon
885 2543 935 2600 ho

96 2627 206 2681 minum
228 2625 346 2682 consilia
362 2624 473 2701 legibus
492 2625 679 2682 vindicentur.
722 2623 817 2681 Minus
838 2623 935 2680 dolen-

96 2706 165 2762 dum
175 2705 231 2761 fuit
241 2724 271 2762 re
282 2724 340 2762 non
351 2705 486 2781 perfecta,
496 2705 546 2762 sed
556 2704 750 2781 poeniendum
760 2711 835 2760 oerte
843 2701 934 2760 nihilo

96 2786 198 2841 minus.
242 2791 288 2841 20.
305 2784 445 2853 Quotiens
462 2804 517 2862 ego
534 2785 603 2861 ipse,
616 2784 731 2853 iudices,
745 2803 779 2840 ex
796 2783 829 2840 P.
838 2783 934 2840 Clodii

95 2864 160 2922 telis
175 2872 248 2921 etex
263 2865 386 2922 eruentis
401 2866 461 2923 eius
475 2864 607 2921 manibus
621 2863 726 2940 effugi!
749 2862 897 2940 exquibus
912 2863 935 2919 si

96 2964 143 3001 me
163 2963 221 3000 non
243 2944 286 3000 vel
308 2963 372 3002 mea
392 2945 436 3002 vel
452 2945 494 3001 rei
510 2943 641 3021 publicae
657 2944 774 3000 fortuna
790 2948 934 3015 servasset,

97 3025 161 3102 quis
181 3024 297 3080 tandem
315 3023 350 3080 de
371 3024 488 3081 interitu
510 3043 575 3081 meo
592 3023 787 3101 quaestionem
807 3022 932 3079 tulisset(

96 3103 179 3162 VIII.
196 3103 254 3161 Sed
268 3103 348 3161 stulti
366 3123 464 3161 sumus
479 3105 528 3181 qui
542 3103 679 3173 Drusum,
691 3103 744 3178 qni
759 3103 940 3158 niueum

96 3183 277 3264 Pompeium,
288 3191 401 3243 nosmet
415 3184 497 3264 ipsos
512 3204 582 3243 eum
591 3182 751 3242 rotomo
765 3178 909 3234 sontem
919 3185 968 3221 ss..

223 3291 261 3342 12
