1988 3480
288 131 289 134 ’
327 131 626 193 onr.1.-111.,§2-r.
853 135 901 180 aar

60 234 134 290 diosi
151 233 280 291 fuissent.
325 232 377 290 ΙΙΙ.
412 239 437 290 5.
460 231 501 289 At
516 233 655 291 beneficio
673 253 736 290 sum
754 240 805 290 tuo
824 253 900 292 usus,

22 307 27 315 ’
59 313 143 381 Quor
171 332 343 389 quamquam
368 312 440 369 illud
460 313 564 389 ipsum,
580 313 658 391 quod
683 332 899 384 commemoras,

60 412 171 469 semper
181 411 248 468 prae
262 411 309 449 me
323 392 384 449 tuli.
420 392 510 449 Malui
524 413 571 450 me
584 392 638 450 tibi
652 390 756 450 debere
770 393 900 450 confiteri

60 492 145 550 quam
167 472 300 548 cuiquam
321 473 417 528 minus
437 472 572 549 prudenti
590 491 648 529 non
663 473 731 529 satis
747 480 845 549 gratus
861 474 901 530 vi-

59 552 127 608 deri.
170 551 228 608 Sed
242 570 300 628 quo
314 551 472 609 beneficiol
512 550 597 619 Quod
614 571 661 608 me
675 551 823 609 Brundisii
840 573 899 610 non

59 631 215 688 occideris?
255 631 346 699 Quem
368 631 430 708 ipse
452 631 550 700 victor,
564 632 613 708 qui
634 631 697 702 tibi,
710 639 743 689 ut
758 640 820 689 tute
840 632 900 709 glo·

58 712 124 768 riari
135 710 252 782 solebas,
264 711 403 768 detulerat
414 731 448 768 ex
459 711 617 768 latronibus
628 712 686 768 suis
696 712 898 789 principatum,

58 791 167 848 salvum
182 809 241 848 esse
256 790 399 861 voluisset,
412 791 442 847 in
457 790 570 848 ltaliam
584 792 625 848 ire
640 791 774 862 iussisset,
787 811 852 848 eum
866 799 899 849 tu

58 871 219 928 occideres?
260 871 315 927 Fac
339 871 476 947 potuisse,
517 868 604 940 Quod
631 879 675 929 est
699 871 784 943 aliud,
803 879 899 948 patres

57 951 220 1027 conscripti,
232 949 555 1008 beneficium'latrouum
566 952 622 1008 nisi
633 958 666 1008 ut
676 971 899 1009 commemorare

57 1031 170 1107 possint
185 1030 221 1087 iis
237 1049 267 1088 se
287 1030 398 1087 dedisse
414 1031 512 1102 vitam,
525 1031 629 1108 quibus
644 1051 704 1089 nou
721 1031 899 1090 ademerint?

58 1109 143 1183 Quod
157 1111 181 1167 si
195 1114 269 1168 esset
283 1109 462 1183 beneficium,
474 1131 639 1188 numquam,
653 1112 702 1189 qui
716 1111 797 1168 illum
815 1113 900 1168 inter·

57 1191 205 1247 feceruut:
231 1209 248 1246 a
270 1209 328 1267 quo
351 1200 432 1249 erant
454 1192 565 1262 servati,
582 1211 654 1268 quos
674 1199 707 1249 tu
728 1191 899 1248 clarissimos

58 1271 133 1326 viros
144 1270 217 1327 soles
228 1269 377 1346 appellare,
388 1277 497 1327 tantam
509 1278 603 1327 essent
613 1270 733 1346 gloriam
745 1271 897 1328 consecuti.

58 1348 148 1418 Quale
165 1355 261 1406 autem
279 1348 448 1406 beneficium
466 1356 517 1421 cst,
528 1350 606 1426 quod
620 1357 649 1406 te
666 1349 837 1407 abstinueris
853 1369 900 1407 ne

58 1428 132 1484 fario
150 1427 271 1485 scelerel
312 1427 376 1497 Qua
392 1429 422 1485 in
439 1449 468 1486 re
489 1448 548 1486 non
568 1436 628 1486 tam
649 1429 807 1486 iucundum
827 1429 900 1486 mihi

58 1507 149 1565 videri
160 1508 260 1565 debuit
270 1527 329 1565 nou
343 1508 527 1566 interfectum
540 1528 584 1566 me
596 1529 614 1566 a
624 1516 652 1566 te
668 1528 753 1586 quam
764 1509 899 1566 miserum

58 1595 88 1646 te
102 1588 133 1644 id
147 1588 266 1664 impune
276 1588 369 1646 facere
383 1589 519 1665 potuisse.
557 1594 582 1646 6.
595 1587 653 1646 Sed
667 1589 705 1646 sit
718 1588 897 1660 beneficium,

33 1733 35 1737 ¹
59 1668 175 1746 quando
188 1668 304 1745 quidem
314 1669 407 1724 maius
417 1669 507 1745 accipi
518 1667 654 1726 alatroue
665 1669 775 1726 nullum
786 1669 898 1747 potuit:

58 1749 90 1805 in
108 1768 166 1826 quo
182 1755 266 1824 potes
282 1767 329 1805 me
350 1747 443 1805 dicere
460 1748 623 1822 ingratum?
664 1749 712 1805 An
729 1749 765 1806 de
781 1749 898 1806 interitu

59 1829 100 1886 rei
114 1828 245 1905 publicae
262 1828 343 1905 queri
359 1846 418 1884 non
436 1827 530 1898 debui,
543 1847 579 1885 ue
594 1828 624 1885 iu
638 1835 668 1886 te
681 1823 811 1904 ingratus
825 1828 901 1886 vidc-

59 1911 122 1966 rerl
162 1907 204 1966 At
218 1908 248 1965 in
264 1907 312 1964 illa
326 1907 457 1986 querella,
469 1908 573 1965 misera
587 1908 704 1986 quidem
718 1916 747 1965 et
762 1908 898 1979 luctuosa,

59 1988 110 2046 sed
123 1987 196 2045 mihi
210 2007 263 2067 pro
277 1988 333 2045 hoc
349 1987 448 2064 gradu,
461 1988 491 2045 iu
505 2007 563 2066 quo
577 2008 624 2046 me
638 1995 753 2046 senatus
766 1987 901 2066 populus

59 2088 115 2147 que
131 2069 280 2126 Romanus
296 2067 455 2138 collocavit,
467 2068 630 2139 necessaria,
643 2068 714 2146 quid
730 2075 774 2126 est
790 2068 900 2125 dictum

59 2169 77 2206 a
95 2168 228 2206 mecum
250 2147 444 2206 contumelia?
468 2148 538 2224 quid
559 2167 617 2205 uon
640 2149 806 2205 moderatel
830 2148 900 2224 quid

59 2248 118 2285 non
139 2228 249 2285 amicel
289 2226 375 2296 Quod
392 2227 508 2303 quidem
524 2228 605 2284 cuius
622 2227 826 2304 temperantiae
843 2227 901 2284 fuit

60 2308 95 2365 de
110 2308 148 2364 M.
160 2307 291 2364 Antonio
306 2313 471 2382 querentem
486 2306 628 2364 abstinere
645 2307 813 2377 maledictis,
823 2325 902 2382 prae-

60 2388 158 2444 sertim
181 2406 247 2443 cum
271 2392 305 2442 tu
326 2385 460 2461 reliquias
480 2385 520 2442 rei
541 2385 671 2462 publicae
696 2386 899 2463 dissipavisses,

60 2487 126 2524 cum
141 2466 221 2523 domi
235 2472 301 2522 tuae
314 2465 481 2541 turpissimo
495 2473 622 2522 mercatu
637 2466 734 2522 omnia
747 2471 841 2522 essent
857 2484 902 2522 ve

61 2547 143 2617 nalia,
161 2565 227 2603 cum
252 2546 329 2622 leges
354 2564 408 2615 eas,
430 2563 502 2621 quae
523 2564 681 2621 numquam
704 2545 901 2622 promulgatae

60 2634 162 2697 essent,
175 2633 204 2684 et
218 2626 254 2683 de
268 2632 297 2682 te
311 2631 414 2681 etate
428 2623 499 2682 latas
512 2623 685 2695 confiterere,
696 2644 762 2682 cum
776 2625 902 2701 auspicia

60 2725 159 2783 augur,
175 2705 408 2763 intercessionem
429 2703 528 2761 consul
553 2703 721 2775 sustulisses,
739 2724 805 2761 cum
828 2723 902 2761 esses

60 2786 226 2842 foedissime
244 2785 366 2862 stipatus
386 2784 510 2854 armatis,
523 2803 589 2840 cum
606 2803 706 2841 omnes
722 2784 902 2861 impuritates

61 2865 207 2942 impudica
222 2865 253 2922 in
268 2865 356 2922 domo
371 2863 478 2921 cotidie
494 2864 658 2940 susciperes,
668 2864 736 2920 vino
750 2864 902 2941 lustrisque

61 2945 217 3002 confectus,
255 2945 280 3002 7.
295 2944 336 3002 At
350 2963 412 3021 ego,
424 2951 571 3020 tamquam
586 2942 658 3000 mihi
672 2963 738 3001 cum
753 2943 791 3001 M.
801 2943 902 3000 Crasso

61 3025 208 3082 contentio
226 3031 307 3094 esset,
321 3042 445 3100 quocum
466 3022 573 3080 multae
593 3031 621 3081 ct
637 3043 758 3100 magnae
774 3024 900 3092 fuerunt,

60 3124 119 3161 non
141 3124 206 3161 cum
228 3123 286 3160 uno
307 3102 465 3179 gladiatore
481 3103 671 3179 nequissimo,
682 3103 723 3158 de
738 3122 776 3156 re
791 3101 923 3176 qumis}

57 3185 184 3261 graviter
197 3201 327 3262 quereus,
338 3182 376 3242 de
384 3181 511 3242 homme
523 3181 606 3260 utun
615 3181 692 3238 dim.
718 3167 948 3247 inaquoso&
