1988 3480
222 163 232 171 ,
270 107 348 157 car.
364 107 546 169 xia-xvc,
562 106 577 167 1
591 109 681 158 11-11.
850 110 898 159 111

59 207 190 287 saepiusl
211 208 290 285 quod
307 208 423 285 quidem
442 215 503 266 erat
522 218 668 286 maguum,
681 209 717 268 de
738 229 851 266 summa
869 230 898 268 rc

58 289 173 367 publica
182 288 381 346 dissentientes
390 289 419 345 in
428 287 526 346 eadem
539 289 745 347 cousuetudine
756 291 898 348 amicitiae

58 388 231 447 permanere.
274 368 337 444 Ego
359 368 429 445 quid
449 368 495 425 illc
516 377 545 426 et
566 377 666 427 contra
685 371 732 427 ille
754 371 824 448 quid
843 391 898 448 ego

59 449 194 506 sentirem
219 455 248 505 et
272 456 428 524 spectarem
453 448 575 505 videbat.
617 450 681 525 Ego
705 451 898 509 incolumitati

59 529 164 586 civium
187 528 321 604 primum,
340 535 371 585 ut
395 535 495 605 postea
518 528 654 605 dignitati
675 549 832 606 possemus,
850 531 898 588 illc
939 553 942 559 ·

59 608 202 686 praesenti
218 608 353 684 dignitati
369 608 467 685 potius
483 608 657 666 consulebat.
700 609 784 678 Quod
801 618 897 668 autem

59 687 183 745 habebat
196 696 315 764 uterque
332 688 402 765 quid
416 695 588 765 sequeretur,
600 689 706 747 idcirco
723 690 899 748 tolerabilior

59 776 120 826 erat
136 775 233 825 nostra
249 768 396 826 dissensio.
440 774 485 826 39.
501 767 579 836 Quid
596 771 726 842 veroille
747 771 898 848 singularis

59 849 102 905 vir
119 867 151 905 ac
165 867 254 925 paene
271 848 385 905 divinus
402 848 437 905 dc
454 867 501 905 me
520 850 638 907 senserit
655 850 749 907 sciunt
766 852 815 928 qui
832 871 897 909 eum

60 928 96 985 de
117 927 263 985 Pharsalia
284 928 356 1004 fuga
375 927 509 1005 Paphum
529 931 670 1006 persecuti
692 937 765 987 sunt.
808 931 899 988 Num·

61 1027 146 1084 quam
161 1007 196 1064 ab
211 1027 250 1064 eo
258 1008 368 1065 mentio
382 1008 418 1065 dc
432 1028 478 1066 me
492 1009 548 1066 nisi
564 1009 729 1082 honorifica,
742 1010 798 1067 nisi
814 1011 898 1087 plena

60 1087 225 1145 amicissimi
242 1088 382 1158 desiderii,
394 1107 459 1145 cum
480 1108 527 1146 me
544 1090 648 1147 vidisse
665 1090 730 1166 plus
750 1091 896 1160 fateretur,

60 1188 88 1225 11
110 1168 264 1244 speravisse
282 1168 408 1225 meliora.
451 1169 489 1226 Et
506 1170 566 1226 eius
582 1169 636 1225 viri
657 1171 774 1226 nomine
794 1190 840 1227 mo
857 1171 899 1226 iu-

60 1248 159 1305 sectari
176 1248 271 1317 audes,
283 1248 363 1304 cuius
380 1267 426 1304 nie
444 1249 576 1318 amicum,
588 1256 616 1305 11
631 1256 769 1306 sectorem
784 1250 900 1306 111111-

59 1329 152 1385 111111
192 1327 275 1384 XVI.
291 1326 349 1383 Sed
366 1327 516 1384 omittatur
532 1328 638 1384 bellum
655 1328 734 1398 illud,
747 1329 776 1384 in
792 1348 849 1405 quo
866 1336 898 1385 tu

60 1407 181 1462 nimium
193 1406 262 1462 felix
273 1406 363 1463 fuisti.
399 1406 428 1462 N
429 1426 443 1462 e
454 1407 487 1462 de
498 1407 567 1463 iocis
579 1407 695 1483 quidem
710 1407 897 1485 respondebo,

61 1485 164 1562 quibus
181 1504 227 1542 me
243 1485 274 1541 in
290 1485 389 1543 castris
406 1505 489 1543 usum
506 1505 566 1543 esse
583 1487 689 1544 dixisti.
732 1487 822 1544 Erant
839 1489 900 1565 qui·
958 1497 960 1504 '

60 1565 127 1622 dem
144 1564 192 1621 illa
209 1572 299 1622 castra
315 1565 400 1641 plena
416 1584 513 1622 curae:
535 1574 743 1632 verumtamen
757 1566 897 1638 homines,

61 1645 191 1722 quamvis
211 1645 240 1700 in
257 1645 380 1702 turbidis
400 1645 484 1702 rebus
505 1646 570 1715 sint,
582 1653 688 1716 tamen,
700 1647 724 1703 si
744 1647 832 1703 modo
848 1647 900 1707 ho,-

60 1725 153 1782 mines
174 1732 247 1796 sunt,
259 1724 403 1781 interdum
421 1725 524 1782 animis
540 1724 708 1783 relaxantur.
751 1731 797 1783 40.
814 1727 900 1794 Quod

60 1812 156 1862 autem
174 1804 249 1862 idem
267 1805 440 1862 maestitiam
457 1824 550 1862 meam
565 1805 755 1882 reprehendit,
768 1806 843 1862 idern
860 1807 901 1862 io-

60 1904 135 1956 cum,
150 1904 256 1961 magno
280 1891 449 1962 argumento
474 1892 516 1942 est
540 1904 586 1942 me
611 1886 640 1942 in
668 1892 790 1963 utroque
811 1887 899 1944 fuisse

59 1966 246 2023 moderatum.

99 2045 281 2102 Hereditates
290 2044 362 2101 mihi
371 2045 591 2122 negastivenire.
621 2045 742 2104 Utinam
751 2046 898 2104 hoctuum

59 2144 157 2182 verum
174 2125 281 2182 crimen
301 2126 390 2182 111111
412 2126 507 2202 plures
527 2126 611 2183 amici
630 2127 687 2183 mei
705 2134 734 2184 et
750 2127 900 2184 necessarii

59 2206 193 2262 viverent.
229 2204 287 2261 Sed
301 2205 351 2281 qui
365 2205 437 2262 istuc
451 2205 506 2262 tibi
520 2207 598 2263 veuit
612 2207 642 2263 iu
655 2208 801 2264 1111111111
835 2206 899 2283 Ego

60 2285 137 2340 enim
154 2283 277 2360 amplius
294 2284 455 2341 sestertium
473 2284 640 2342 ducentiens
657 2293 804 2362 acceptum
821 2285 900 2343 here-

61 2362 199 2420 ditatibus
219 2361 324 2419 rettuli.
367 2361 547 2439 Quamquam
568 2365 598 2420 in
614 2364 670 2421 hoc
687 2384 789 2440 genere
806 2365 900 2422 fateor

61 2443 217 2500 feliciorem
233 2461 293 2498 esse
306 2448 343 2498 11.
386 2442 433 2499 Μ1
447 2462 532 2499 nemo
547 2443 602 2499 nisi
616 2444 724 2500 amicus
738 2444 808 2501 fecit
822 2443 900 2501 here

61 2521 136 2592 dem,
148 2528 181 2579 ut
197 2540 262 2578 cum
280 2521 329 2579 illo
346 2522 508 2591 commodo,
521 2523 544 2578 si
562 2522 640 2599 quod
656 2529 724 2592 erat,
737 2523 825 2579 animi
840 2524 901 2600 qui-

61 2601 128 2658 dam
150 2601 231 2657 dolor
251 2601 432 2677 iungeretur:
454 2608 482 2658 te
504 2602 536 2671 is,
549 2621 635 2679 quem
656 2609 688 2659 tu
705 2602 910 2659 1111111111-4

62 2700 156 2757 quarn,
178 2681 208 2738 L.
224 2680 349 2738 Rubrius
373 2680 491 2738 Casinas
515 2681 585 2738 fecit
608 2681 750 2739 heredem.
776 2687 842 2755 Ι41.
861 2681 900 2738 Et
932 2744 935 2748 ⁴

62 2761 178 2836 quidem
195 2761 260 2818 vide
278 2780 363 2837 quam
378 2761 411 2817 tc'
424 2761 526 2818 amarit
542 2762 574 2831 is,
588 2762 638 2838 qui
652 2762 732 2818 albus
746 2769 842 2818 aterne
856 2761 901 2817 fu-

62 2840 116 2897 erit
132 2841 262 2917 ignoras:
284 2840 380 2897 fratris
396 2840 487 2897 filium
502 2841 656 2917 praeteriit,
665 2840 698 2908 Q.
708 2841 731 2897 F
731 2841 789 2911 ufii,
799 2839 901 2897 hones-

61 2919 164 2977 tissimi
174 2920 277 2996 equitis
285 2919 410 2977 Romani
418 2921 517 2997 suique
529 2920 702 2991 amicissimi,
711 2939 795 2997 quern
805 2919 900 2996 palam

61 2999 193 3057 heredem
203 3018 315 3076 semper
324 2999 474 3069 factitarat‚
483 3007 520 3069 11,
529 3018 615 3076 quern
625 3019 783 3076 numquam
791 2999 901 3056 viderat

61 3086 111 3137 aut
125 3087 200 3137 certe
214 3098 371 3156 numquam
386 3079 565 3149 salutaverat,
580 3079 651 3136 fecit
665 3079 807 3136 herodem.
843 3077 900 3136 Ve

60 3159 112 3217 lim
128 3158 200 3216 mihi
218 3159 303 3229 (11111,
316 3158 372 3215 1111
392 3157 550 3216 molestum
570 3156 846 3230 esula'hurssims'
860 3167 928 3221 eps
