1988 3480
84 125 130 172 186
256 119 326 170 PRO
343 119 379 170 M.
393 119 587 171 MARCELLO
604 120 745 172 ORATIO.

83 235 124 285 est
139 227 243 284 futura
286 225 467 302 Quamquam
484 225 538 282 iste
554 232 621 282 tuus
634 224 746 281 animus
763 244 936 304 numquam

83 308 127 363 his
144 306 290 381 arrgustiis
302 325 371 382 quas
388 313 490 362 natura
506 304 589 361 nobis
606 305 642 361 ad
659 305 817 362 vivendum
836 307 934 379 dedit,

83 395 233 443 contentus
255 386 319 455 fuit,
332 404 443 451 semper
464 385 686 441 immortalitatis
707 404 809 442 amore
827 386 935 464 flagra-

82 466 131 523 rit.
175 473 220 522 28.
237 465 297 522 Neo
315 484 381 521 vero
398 457 469 522 baec
487 473 536 521 tua
555 465 613 521 vita
634 465 764 521 ducenda
786 474 840 536 est,
856 487 933 545 quae

82 565 200 622 corpore
218 553 246 602 et
261 545 361 622 spiritu
379 545 548 602 continetur.
592 545 651 614 Illa,
662 545 789 622 inquam,
803 545 855 604 illa
870 554 933 606 vita

82 633 124 683 est
141 633 198 696 tua,
212 646 283 703 quac
300 624 408 702 vigebit
430 625 567 682 memoria
587 625 762 681 saeculorum
781 628 929 701 omnium,

82 726 167 783 quam
189 706 340 783 posteritas
365 705 428 775 alet,
449 724 532 781 quam
555 705 617 781 ipsa
637 705 789 762 aeternitas
812 726 931 786 semper

83 787 214 843 tuebitur.
249 786 325 842 Huic
340 794 371 842 tu
386 786 528 854 inservias,
540 785 605 841 huic
616 793 645 842 te
656 792 782 842 ostentes
798 796 927 863 oportet,

82 886 153 942 quae
168 866 283 942 quidem
300 886 370 942 quae
384 866 504 921 miretur
518 866 572 920 iam
588 865 698 941 pridem
713 865 806 922 multa
820 866 927 927 habet:

82 965 156 1001 nunc
182 947 267 1002 etiam
295 965 365 1021 quae
393 945 490 1002 laudet
515 952 666 1022 exspectat.
709 944 927 1022 Obstupeseeut

81 1025 187 1091 posteri
203 1033 277 1081 certe
293 1025 419 1101 imperia,
432 1025 600 1102 provincias,
614 1025 754 1096 Rhenum,
764 1024 925 1100 Oceanum,

82 1096 189 1174 Nilum,
202 1124 313 1181 pugnas
334 1104 561 1174 innumerabiles,
578 1104 757 1160 incredibiles
777 1105 925 1180 victorias,

81 1192 275 1255 monumenta,
288 1205 413 1255 munera,
429 1184 592 1260 triumphos
613 1185 760 1241 audientes
777 1190 807 1241 et
828 1184 927 1262 legen-

81 1273 124 1321 tes
138 1273 211 1322 tuos.
255 1271 300 1321 29.
317 1264 374 1321 Sed
391 1265 445 1320 nisi
465 1264 533 1320 haec
552 1265 618 1321 urbs
639 1263 765 1321 stabilita
780 1265 840 1322 tuis
857 1286 927 1324 core

82 1345 151 1401 siliis
168 1352 197 1402 et
214 1345 353 1401 institutis
370 1345 431 1412 erit,
444 1343 593 1419 vagabitur
609 1344 696 1401 modo
713 1351 796 1400 tuum
815 1365 926 1406 nomen

81 1424 165 1500 longo
181 1434 265 1501 atque
279 1424 352 1480 late:
375 1424 470 1480 sedern
486 1422 615 1480 stabilem
631 1431 660 1480 et
671 1423 851 1481 domicilium
866 1445 927 1485 cer-

81 1512 142 1560 tum
158 1524 215 1560 non
235 1503 357 1560 habebit.
401 1503 463 1560 Erit
478 1504 613 1560 intereos
631 1504 726 1574 etiam,
739 1503 787 1579 qui
805 1524 923 1564 nascen-

81 1591 134 1655 tur,
152 1584 224 1641 sicut
246 1585 319 1640 inter
339 1603 392 1640 nos
413 1583 478 1654 fuit,
494 1603 598 1660 magua
618 1583 765 1653 dissensio,
781 1603 848 1641 cum
874 1587 926 1644 alii

80 1664 213 1721 laudibus
229 1665 265 1721 ad
282 1664 390 1722 caelum
408 1683 452 1720 res
469 1671 532 1720 tuas
548 1670 642 1740 gestas
658 1665 785 1733 efferent,
797 1664 848 1721 alii
865 1666 926 1724 for·

81 1752 154 1802 tasse
169 1745 276 1822 aliquid
291 1745 442 1821 requirent,
456 1744 541 1820 idque
552 1744 596 1800 vel
608 1745 774 1814 maximum,
786 1745 844 1802 nisi
855 1742 925 1804 belli

81 1825 171 1882 civilis
189 1825 351 1882 incendium
374 1823 462 1881 salute
481 1824 589 1900 patriae
609 1825 779 1895 restinxeris,
795 1831 829 1882 ut
851 1826 925 1885 illud

80 1905 134 1961 fati
155 1906 244 1962 fuisse
268 1906 405 1974 videatur,
426 1904 481 1960 hoc
506 1904 623 1961 consilii.
668 1904 747 1974 Servi
771 1904 863 1982 igitur
887 1907 925 1965 iis

81 1985 166 2041 etiam
185 1985 334 2054 iudicibus,
351 1985 400 2061 qui
416 1984 515 2041 multis
532 1992 598 2061 post
616 1985 732 2042 saeculis
749 1985 785 2042 de
802 1992 831 2042 te
848 1986 925 2045 iudi·

81 2064 186 2121 cabunt
203 2071 232 2121 et
250 2064 364 2140 quidem
387 2064 463 2121 haud
481 2066 539 2122 scio
562 2085 597 2122 an
619 2066 811 2142 incorruptius
833 2086 923 2144 quam

80 2162 140 2200 nos.
184 2144 258 2200 Nam
280 2151 308 2200 et
326 2145 386 2201 sinc
407 2165 502 2203 amore
520 2152 548 2202 et
565 2146 625 2202 sine
643 2146 802 2223 eupiditate
816 2154 847 2205 et
863 2167 925 2205 rur-

81 2243 128 2279 sus
152 2224 212 2280 sine
238 2224 304 2281 odio
330 2232 358 2281 et
381 2225 441 2282 sine
466 2226 574 2283 invidia
598 2226 772 2283 iudicabunt
817 2233 864 2284 30.
887 2228 924 2287 Id

80 2311 175 2360 autem
194 2305 279 2361 otiam
303 2306 326 2361 si
342 2313 404 2362 tum
423 2306 459 2362 ad
475 2313 512 2376 te,
525 2314 558 2362 ut
576 2307 691 2384 quidam
713 2307 787 2363 falso
806 2314 922 2384 putant,

80 2404 137 2440 non
156 2385 318 2462 pertinebit,
331 2405 406 2442 nunc
424 2394 499 2442 certe
516 2388 639 2462 pertinet
656 2406 716 2444 esse
733 2393 762 2444 te
778 2387 876 2459 talem,
888 2395 922 2447 ut

80 2472 143 2521 tuas
158 2465 255 2522 laudes
270 2466 453 2523 obscuratura
467 2467 545 2523 nulla
559 2487 694 2544 umquam
710 2467 747 2524 sit
762 2467 879 2527 oblivio.

120 2545 157 2602 X.
173 2545 309 2603 Diversae
326 2546 487 2603 voluntates
504 2546 608 2603 civium
624 2548 740 2604 fuerunt
757 2548 922 2606 distractae

83 2642 135 2700 que
150 2626 314 2682 sententiae.
351 2626 417 2682 Non
432 2627 509 2683 enim
524 2627 649 2683 consiliis
660 2627 751 2683 solum
767 2634 796 2684 et
807 2628 921 2700 studiis,

81 2704 129 2760 sed
147 2705 232 2760 armis
250 2706 337 2762 etiam
357 2712 385 2761 et
404 2707 502 2761 castris
519 2706 742 2763 dissidebamus:
765 2709 922 2765 eratenim

80 2783 237 2840 obscuritas
255 2785 403 2861 quaedam,
416 2792 475 2840 erat
495 2793 636 2843 certamen
658 2787 732 2843 inter
748 2786 922 2845 clarissimos

81 2863 182 2919 duces:
205 2864 289 2920 multi
307 2863 478 2920 dubitabant
496 2864 565 2940 quid
580 2867 722 2942 optimum
741 2874 822 2938 esset,
835 2868 921 2926 multi

81 2943 150 3017 quid
176 2943 229 2999 sibi
254 2944 408 3019 expediret,
426 2943 510 3000 multi
535 2946 604 3020 quid
627 2946 746 3016 deceret,
765 2965 824 3003 non
849 2947 921 3004 nulii

80 3023 167 3078 etiam
190 3023 260 3098 quid
280 3023 384 3079 liceret.
428 3029 473 3080 31.
495 3023 652 3082 Perfuncta
671 3045 715 3082 res
737 3026 852 3102 publica
877 3033 921 3084 est

80 3100 134 3158 hoe
149 3103 252 3157 misero
266 3101 404 3178 fatalique
418 3102 510 3160 bello:
533 3105 601 3161 vicit
615 3105 647 3174 is,
661 3106 709 3181 qui
726 3125 784 3161 non
803 3106 920 3164 fortuna

73 3181 268 3239 inflammaret
289 3181 389 3240 odium
412 3203 506 3258 suum,
522 3184 575 3242 sed
592 3184 726 3242 bonitate
742 3185 920 3252 amissum
