1988 3480
272 90 277 97 '
332 107 659 171 car.11.-1v.,§a12.
868 112 916 160 aes

79 212 152 271 Cum
175 211 259 269 facile
283 211 365 281 orari,
380 209 491 280 Caesar,
506 216 570 267 tum
594 210 681 268 semel
704 211 813 268 exorari
834 210 915 269 soles.

78 293 172 350 Nemo
189 309 325 367 umquam
343 297 371 348 te
391 290 540 366 placavit'
532 290 674 361 mimicus,
688 291 737 368 qui
758 291 830 348 ullas
845 311 917 349 rese·

78 373 174 429 disse'
168 391 197 427 m
212 377 240 427 tc
212 370 351 427 tsimult
339 371 406 427 tatis
420 370 554 447 reliquias
568 371 693 429 senserit.
736 369 917 447 Quamquam

78 453 125 508 cui
153 457 219 507 sunt
207 446 352 507 tinaudit
340 456 386 506 tae
413 468 478 506 cum
500 450 638 507 Deiotaro
667 450 806 527 querellae
830 452 916 509 tuael

79 532 244 607 Numquam
268 537 301 586 tu
325 529 406 585 illum
430 530 597 586 accusavisti
620 537 653 586 ιιι
641 530 795 601 t,hostem
811 530 860 587 sed
884 538 918 588 ιιι

78 611 203 667 amicum
220 608 314 666 officio
330 628 431 686 parurn
450 609 533 665 funct
521 615 592 679 tum,
605 609 683 686 quod
699 611 868 687 propensior
886 611 917 666 in

78 690 130 747 Cn.
141 689 275 766 Pompeii
295 689 451 745 amicitiam
472 688 574 744 fuisset
596 708 680 765 quam
701 690 733 745 in
753 696 849 746 tuam:
871 690 917 747 cui

77 776 175 827 tamen
191 770 247 846 ipsi
263 769 304 826 rei
320 768 433 825 veniam
448 774 478 825 te
499 767 632 825 daturum
652 769 740 826 fuisse
759 769 881 840 dicebas,
894 770 918 826 si

78 857 141 906 tum
162 849 266 906 auxilia
286 848 436 924 Pompeio,
448 847 492 905 vel
514 849 537 905 si
558 849 645 906 etiam
666 848 757 906 filium
784 849 916 920 misisset,

78 931 139 1006 ipse
164 929 265 986 aetatis
292 928 474 985 excusatione
498 947 565 985 usus
593 935 674 986 esset.
718 927 828 986 mlta
851 946 917 984 cum

78 1009 210 1066 maximis
231 1027 297 1065 eum
318 1007 402 1065 rebus
425 1008 566 1079 liberares,
583 1027 751 1084 perparvam
775 1007 918 1065 amicitiae

78 1088 191 1166 culpam
204 1087 390 1164 relinquebas.
433 1087 534 1165 Itaque
547 1107 607 1144 non
624 1088 716 1145 solum
731 1088 760 1144 in
778 1107 843 1144 eum
858 1107 918 1144 non

78 1168 312 1239 animadvertisti,
325 1168 375 1225 sed
396 1169 475 1225 omni
496 1175 576 1225 metu
596 1167 751 1225 liberavisti
753 1166 918 1243 ,hospitem

78 1249 229 1325 agnovisti,
245 1267 342 1324 regem
364 1248 511 1324 reliquisti.
555 1247 656 1324 Neque
680 1246 757 1304 enim
777 1246 825 1303 illc
850 1247 918 1303 odio

78 1329 122 1384 tui
142 1347 307 1405 progressus
328 1334 379 1397 est,
395 1326 446 1383 sed
464 1345 556 1383 errore
581 1327 728 1383 communi
748 1325 844 1401 lapsus
866 1332 916 1383 est

79 1406 107 1463 Is
124 1427 181 1477 rex,
194 1426 279 1483 quem
297 1413 411 1463 senatus
426 1405 482 1463 hoc
498 1405 615 1462 nomine
632 1410 716 1482 saepe
732 1404 919 1470 honorificen-

79 1486 197 1542 tissimis
214 1486 318 1542 decret
297 1492 335 1542 trs
352 1504 425 1562 appe
425 1485 549 1542 llavisset
537 1485 675 1621 tquique
692 1484 772 1541 illum
788 1485 918 1541 ordinem

79 1565 115 1622 ab
130 1565 321 1622 adolescentia
333 1565 531 1642 gravissimum
547 1565 814 1640 sanctissimumque
825 1564 919 1621 duxis-

80 1651 130 1716 set,
146 1645 247 1702 iisdem
269 1645 353 1702 rebus
373 1650 416 1701 est
437 1643 618 1721 perturbatus
637 1643 726 1700 homo
745 1643 919 1719 longinquus

80 1732 109 1782 et
129 1725 297 1801 alienigena,
314 1723 416 1860 qutibus
437 1743 489 1780 nos
510 1724 541 1779 in
561 1723 657 1780 media
676 1742 706 1780 re
723 1722 838 1799 publica
858 1722 917 1779 nati

80 1823 248 1896 semperque
268 1811 379 1861 versati.
422 1803 473 1860 IV.
508 1808 553 1860 11.
572 1802 647 1859 Cum
671 1803 783 1859 audiret
805 1808 919 1858 senatus

79 1885 284 1942 consentientis
298 1883 467 1940 auctoritate
478 1902 556 1939 arma
567 1889 681 1959 sumpta
693 1877 788 1958 [esse],
798 1881 919 1938 consuli-

79 1964 140 2035 bus,
152 1963 338 2041 praetoribus,
350 1962 473 2020 tribunis
489 1962 588 2040 plebis,
601 1961 684 2018 nobis
698 1961 919 2038 imperatoribus

79 2043 293 2121 rempublicam
305 2042 515 2100 defendendam
527 2043 632 2112 datam,
643 2041 777 2099 movebat
765 2048 812 2099 tur
822 2041 919 2098 auimo

79 2131 109 2182 et
122 2124 165 2180 vir
178 2123 267 2181 huic
259 2122 381 2199 imperio
395 2122 584 2179 amicissimus
595 2122 641 2179 de
645 2121 734 2178 salute
748 2121 849 2197 populi
863 2120 920 2178 Rc

79 2204 158 2260 mani
172 2210 219 2260 ext
207 2202 403 2272 timescebats
395 2221 425 2258 m
440 2221 496 2278 qua
509 2202 596 2258 etiam
611 2221 692 2258 suam
706 2220 766 2258 esse
779 2200 919 2258 inclusam

80 2282 202 2339 videbat.
239 2281 274 2338 In
288 2300 401 2338 summo
415 2288 512 2338 tamen
525 2282 629 2338 timore
647 2281 850 2357 quiescendum
864 2279 919 2337 sibi

81 2381 141 2418 esse
160 2360 355 2418 arbitrabatur.
398 2360 522 2417 Maxime
536 2379 603 2416 vero
622 2359 803 2436 perturbatus
824 2367 874 2429 est,
887 2366 919 2415 ut

81 2441 190 2498 audivit
207 2439 336 2497 consules
353 2459 388 2496 ex
405 2438 487 2496 Italia
503 2439 665 2516 profugisse
682 2457 837 2514 omnesque
854 2444 920 2494 con-

82 2519 279 2579 sulares-sic
304 2519 380 2576 enim
398 2519 424 2576 ei
447 2519 821 2576 nuntiabatur—cunctum
842 2535 920 2573 sena-

81 2606 153 2670 tum,
165 2606 257 2656 totam
276 2598 388 2656 Italiam
406 2599 533 2656 effusam,
563 2597 692 2655 -Talibus
713 2597 789 2653 enim
810 2596 920 2653 nuntiis

82 2686 112 2737 et
129 2678 290 2736 mmoribus
306 2678 422 2754 patebat
443 2679 480 2735 ad
499 2679 638 2736 orientem
655 2678 701 2734 via
720 2696 772 2734 nec
793 2676 844 2733 ulli
861 2676 920 2733 veri
948 2714 952 2721 ,

83 2759 333 2835 subsequebantur.
376 2757 458 2815 Nihil
482 2758 528 2816 ille
553 2757 589 2814 de
614 2755 830 2814 condicionibus
852 2756 918 2826 tuis,

82 2838 154 2895 nihil
166 2837 202 2895 de
216 2838 312 2895 studio
326 2838 494 2896 concordiae
508 2843 537 2894 et
551 2837 636 2913 pacis,
645 2836 717 2892 nihil
728 2835 764 2892 dc
778 2835 921 2910 conspira-

82 2918 161 2975 tione
174 2916 308 2974 audiebat
319 2924 459 2975 certorum
473 2917 624 2974 hominum
639 2923 739 2972 contra
749 2915 920 2991 dignitatem

82 3004 170 3055 tuam.
213 2995 292 3064 Quae
309 3017 374 3054 cum
392 2998 432 3054 ita
448 3002 574 3066 essent,t
575 3015 657 3052 amen
675 3014 764 3071 usque
781 3013 815 3050 co
833 3012 863 3050 se
880 2999 921 3050 te·

82 3077 147 3134 nuit
148 3076 262 3153 ,quoad
276 3096 293 3134 a
306 3076 358 3134 On.
369 3066 511 3152 Pompeio
526 3076 638 3132 adeum
652 3075 740 3151 legati
753 3074 932 3164 litteraeque

82 3163 229 3218 venerunt.
209 3162 321 3263 ι12.
338 3156 470 3238 Ignosce,
482 3153 772 3238 ignotissimam
755 3171 789 3207 si
802 3151 873 3204 exus
882 3161 959 3197 mx
