1988 3480
266 113 345 163 cnr.
362 113 569 175 xxi-xxiv,
586 112 600 173 s
615 115 704 162 aare.
778 169 784 179 ,
879 119 923 162 oe·

69 217 183 274 dinem:
206 216 346 273 concessit
363 223 478 273 senatus
493 216 682 292 postulationi
699 223 772 289 tuae,
786 218 835 274 sed
852 238 910 275 non

69 297 189 353 libenter
203 296 347 352 duriorem
362 296 494 353 fortunae
509 297 655 354 communi
670 297 868 355 condicionem
882 305 911 356 te

69 384 183 434 auctore
201 376 357 433 constituit.
400 375 495 433 Morbi
513 377 688 433 excusationi
704 397 798 453 poena
813 378 912 436 addita

69 464 128 514 est:
152 455 283 513 voluntas
305 456 414 512 offensa
434 456 599 527 multorum,
618 457 721 533 quibus
742 465 791 514 aut
812 465 911 515 eontra

69 536 240 593 valetudinis
261 535 446 593 commodum
465 535 651 592 laborandum
673 544 716 593 est
736 544 786 593 aut
804 537 912 594 incom-

69 617 157 673 modo
176 616 270 673 morbi
289 616 376 674 etiam
395 616 481 673 ceteri
500 615 574 672 vitae
594 616 704 673 fruetus
723 617 909 693 relinquendi.

70 696 147 764 Quid
161 694 245 773 ergol
266 696 335 753 baec
350 696 414 772 quis
428 696 512 752 tulitl
547 695 583 767 Is,
595 697 644 773 qui
658 697 821 753 auctoritati
835 716 912 754 sena-

69 785 123 848 tus,
134 777 275 834 voluntati
285 784 351 833 tuae
364 776 467 852 paruit,
478 776 601 853 deniqne
612 777 637 832 is
650 776 725 846 tulit,
736 777 782 833 oui
793 776 912 834 minime

69 857 231 932 proderant.
274 856 333 927 Illa,
346 876 418 934 quae
431 875 496 912 mea
510 875 622 912 summa
635 856 781 914 voluntate
796 863 911 914 senatus

70 937 204 1013 frequens
224 937 392 1014 repudiavit,
408 936 590 993 mediocriter
611 936 758 993 adversata
778 935 832 993 tibi
851 956 911 994 esse

70 1016 231 1074 existimas?
265 1017 472 1074 Confusionem
485 1016 685 1093 suffragiorum
697 1015 840 1092 flagitasti,
850 1036 912 1093 per-

70 1097 248 1173 rogationem
265 1096 336 1174 legis
353 1096 494 1168 Maniliae,
507 1096 706 1173 aequationem
722 1097 838 1173 gratiae,
851 1097 912 1173 dig-

70 1177 175 1248 nitatis,
185 1177 394 1254 suffragiorum.
423 1177 553 1234 Graviter
561 1176 692 1233 homines
703 1176 817 1232 honesti
826 1184 911 1252 atque

70 1256 100 1311 in
115 1257 172 1312 suis
186 1257 381 1314 vicinitatibus
396 1264 425 1313 et
438 1257 603 1333 municipiis
617 1256 735 1332 gratiosi
749 1255 883 1325 tulerunt,
895 1274 912 1312 a

68 1335 121 1392 tali
141 1337 202 1392 viro
224 1356 283 1393 esse
304 1343 474 1412 pugnatum,
489 1345 522 1392 ut
543 1356 642 1393 omncs
663 1342 692 1392 et
713 1335 862 1410 dignitatis
883 1341 912 1391 et

71 1416 178 1490 gratiae
200 1416 304 1491 gradus
326 1414 501 1472 tollerentur.
544 1416 625 1472 Idem
650 1415 781 1472 editicios
803 1414 912 1470 iudices

70 1513 131 1550 esse
142 1494 265 1565 voluisti,
275 1501 308 1551 ut
319 1495 385 1551 odia
400 1494 511 1552 occulta
524 1495 637 1566 civium,
649 1514 720 1571 quae
730 1494 825 1551 tacitis
835 1513 911 1551 nuno

70 1573 221 1630 discordiis
242 1575 433 1645 continentur,
449 1575 478 1630 in
499 1575 630 1631 fortunas
651 1575 755 1651 optimi
775 1574 911 1650 cuiusque

70 1660 259 1729 erumperent.
302 1659 348 1711 48.
371 1653 451 1710 Haec
473 1654 570 1710 omnia
590 1654 643 1711 tibi
665 1654 815 1711 accusandi
836 1654 911 1711 viam

71 1732 246 1808 muniebant,
259 1733 435 1810 adipiscendi
450 1733 660 1810 obsaepiebant.
744 1807 746 1810 ι

111 1813 208 1890 Atque
227 1833 262 1870 ex
281 1812 414 1869 omnibus
431 1813 479 1870 illa
495 1813 580 1890 plaga
598 1820 641 1870 est
657 1814 761 1874 iniecta
777 1813 911 1890 petitioni

71 1901 144 1964 tuae,
160 1912 218 1949 non
239 1900 351 1950 tacente
371 1913 426 1963 me,
441 1893 582 1951 maxima:
605 1893 640 1950 de
662 1913 718 1970 qua
738 1893 773 1951 ab
794 1894 912 1951 homine

70 1973 300 2049 ingeniosissimo
322 1980 351 2030 et
372 1974 578 2050 copiosissimo,
594 1972 627 2041 Q.
640 1973 805 2045 Hortensio,
821 1974 912 2031 multa

70 2053 235 2128 gravissime
249 2053 414 2111 dictasunt.
433 2055 435 2059 ’
454 2053 518 2122 Quo
533 2054 619 2111 etiam
634 2053 706 2110 mibi
721 2055 819 2111 durior
832 2054 912 2110 locus

71 2139 113 2189 est
127 2132 241 2190 dicendi
255 2133 347 2204 datus,
359 2140 399 2205 ut,
412 2153 477 2190 cum
495 2140 560 2191 ante
577 2153 623 2191 me
640 2141 670 2191 et
683 2134 730 2191 illc
747 2135 866 2192 dixisset
883 2141 912 2191 ct

71 2213 114 2268 vir
124 2232 235 2269 summa
245 2213 386 2289 dignitate
397 2220 426 2270 et
437 2213 587 2290 diligentia
600 2221 630 2271 et
640 2214 776 2271 facultate
787 2214 910 2283 dicendi,

71 2291 109 2348 M.
121 2291 244 2363 Crassus,
257 2293 311 2369 ego
326 2294 355 2350 in
370 2298 497 2351 extremo
512 2313 570 2350 non
585 2301 694 2370 partem
710 2294 834 2370 aliquam
849 2313 912 2369 age

72 2390 130 2427 rem
148 2391 254 2443 causae,
267 2373 317 2430 sed
331 2373 367 2429 de
384 2379 446 2429 tota
462 2393 492 2430 re
509 2373 641 2446 dicerem,
655 2373 733 2449 qnod
749 2373 821 2429 mihi
836 2373 912 2429 vide

71 2457 154 2508 retur.
197 2451 297 2528 ltaque
312 2453 341 2509 in
356 2452 457 2510 iisdem
474 2453 558 2510 rebus
574 2453 634 2509 fere
652 2471 754 2522 versor,
767 2459 804 2521 et,
817 2452 911 2527 quoad

70 2529 195 2606 p‘ossum,
214 2532 329 2604 iudices,
348 2552 464 2589 occurro
487 2539 595 2589 vestrae
621 2531 753 2588 satietati.
796 2531 909 2589 XXIV.

71 2609 128 2667 Sed
147 2617 252 2682 tamen,
271 2612 358 2682 Servi,
378 2632 463 2688 quarn
484 2619 513 2668 te
535 2612 655 2668 securim
676 2618 760 2687 putas
782 2611 911 2668 iniecisse

71 2691 203 2766 petitioni
218 2699 291 2761 tuae,
304 2712 369 2748 cum
386 2693 526 2769 populum
545 2692 707 2748 Romanum
725 2690 754 2746 in
772 2710 837 2747 eum
854 2711 912 2747 me-

70 2778 133 2825 tum
154 2770 305 2842 adduxisti,
324 2779 357 2828 ut
377 2773 589 2848 pertimesceret
609 2790 645 2827 ne
668 2771 766 2827 consul
787 2770 912 2827 Catilina

70 2848 157 2918 fieret,
170 2849 239 2906 dum
255 2858 288 2907 tu
305 2852 514 2908 accusationem
531 2870 708 2927 comparares
725 2850 857 2926 deposita
871 2857 912 2907 at-

69 2947 125 3004 que
142 2929 252 2986 abiecta
267 2931 426 3006 petitione?
469 2937 514 2987 49.
538 2931 654 2987 Etenim
671 2938 700 2987 te
716 2930 857 3007 inquirere
872 2930 911 2985 vi·

70 3008 184 3078 debant,
207 3009 318 3066 tristem
346 3011 450 3088 ipsum,
472 3017 601 3067 maestos
629 3010 762 3065 amieos*¹
793 3009 929 3083 desma-

66 3088 166 3160 tr'ones,
187 3089 419 3166 testificationes,
439 3092 635 3150 seductiones
656 3087 978 3188 restituisses&

55 3184 123 3226 nem
144 3170 389 3252 subscriptorum
414 3169 733 3234 animadvertebant:
755 3153 875 3233 malm
887 3151 978 3246 Ψ
