1988 3480
76 118 121 165 180
255 115 323 162 PRO
341 114 377 162 M.
393 112 586 162 MARCELLO
602 110 745 163 ORATIO.

74 217 230 272 maximum
245 221 295 285 cst,
307 220 403 271 totum
424 220 475 281 est,
488 214 613 290 inquam,
624 218 716 270 tuum.
761 212 850 272 Nihil
868 216 924 276 sibi

73 315 106 351 ex
121 297 176 351 ista
189 293 272 351 laude
290 293 427 363 centurie,
440 293 510 350 nihil
528 293 697 369 praefectus,
709 292 786 350 nihil
804 294 922 369 cohors,

73 373 143 431 nihil
159 382 254 430 turma
270 373 412 449 decerpit:
431 374 500 449 quin
515 372 601 429 ctiam
616 371 664 428 illa
678 372 740 450 ipsa
754 392 856 431 rerum
871 375 923 434 hu-

72 473 220 510 manarum
238 453 363 523 demina,
376 452 509 522 Fortuna,
525 453 553 508 in
572 452 653 508 istius
671 452 843 510 societatem
861 456 921 532 glo

72 534 129 590 riae
152 553 181 590 se
205 553 263 590 non
289 534 381 603 effert,
399 532 453 589 tibi
477 533 560 603 cedit,
579 539 658 588 tuam
683 551 743 589 esse
769 539 867 591 totam
893 543 921 594 et

72 614 217 691 propriam
239 615 352 671 iat-etur.
395 611 562 689 Numquam
582 612 659 669 enim
680 612 831 670 temeritas
852 634 920 672 cum

73 695 213 770 sapientia
227 693 428 750 commiscetur
442 711 533 769 neque
550 692 586 749 ad
601 691 753 748 consilium
772 711 858 751 casus
872 694 917 752 ad·

73 774 206 831 mittitur.

115 852 165 909 lll.
196 858 221 910 8.
234 853 380 910 Demuisti
392 859 492 927 gentes
502 852 680 909 immanitate
691 851 835 922 barbaras,
846 856 917 912 mul·

73 933 196 989 titudine
211 931 439 1002 innumerabiles,
449 932 519 990 loeis
530 931 664 1001 infinitas,
673 931 753 988 omni
765 933 917 1008 copiarum

73 1030 174 1087 genere
189 1010 382 1069 abundantem
405 1012 454 1069 sed
464 1018 560 1068 tamen
575 1031 608 1069 ea
621 1011 724 1081 vicisti,
737 1030 811 1088 quae
825 1019 856 1070 et
870 1032 917 1070 na·

73 1098 166 1147 turam
191 1098 221 1147 et
244 1091 443 1148 condicionem
468 1098 501 1148 ut
521 1092 596 1149 vinci
619 1097 737 1168 possent
759 1090 915 1151 habebant

76 1169 160 1227 Nulla
180 1177 223 1228 est
243 1171 319 1228 cuim
336 1177 418 1228 tanta
433 1171 476 1228 vis
493 1190 565 1247 quae
585 1190 644 1227 non
661 1172 738 1228 ferro
759 1178 789 1228 et
806 1170 918 1229 viribus

74 1250 216 1308 debilitari
240 1251 391 1328 frangique
415 1251 515 1327 possit.
556 1250 698 1307 Animum
722 1251 845 1322 vincere,
864 1252 918 1310 ira-

73 1331 206 1389 cundiam
228 1330 368 1402 eehibere,
384 1330 518 1388 victoriae
538 1337 704 1407 temperare,
720 1329 917 1389 adversarium

73 1410 230 1482 nobilitate,
240 1411 365 1488 iugenio,
376 1410 481 1467 virtute
492 1415 683 1487 praestantem
694 1429 753 1467 nen
767 1409 859 1468 modo
871 1430 918 1468 ex-

73 1491 171 1548 tollere
185 1491 333 1561 iacentem,
344 1490 489 1548 sedetiam
505 1489 676 1566 amplificare
690 1489 751 1547 eius
761 1489 917 1566 pristinam

73 1570 252 1646 dignitatem,
262 1570 332 1627 haec
344 1570 393 1646 qui
407 1569 487 1639 facit,
497 1589 554 1625 uon
570 1588 623 1645 ege
638 1587 704 1626 eum
715 1588 780 1625 cum
792 1571 917 1628 summis

73 1650 140 1707 viris
161 1668 304 1726 comparo,
320 1649 371 1706 sed
391 1648 567 1706 simillimum
590 1649 645 1706 deo
667 1648 771 1706 iudico.
816 1647 843 1706 9.
859 1648 918 1707 Ita-

74 1749 137 1806 que,
157 1729 189 1787 C.
205 1729 316 1800 Caesar,
334 1728 452 1787 bellicae
476 1736 543 1787 tuae
570 1728 666 1786 lauder
695 1726 918 1787 celebrabuntur

73 1809 137 1866 illae
155 1809 271 1886 quidem
289 1828 347 1865 neu
367 1808 459 1865 solum
478 1809 591 1879 nostris,
604 1808 653 1865 sed
670 1826 760 1885 paene
780 1808 918 1867 omnium

72 1889 202 1965 gentium
215 1889 317 1945 litteris
331 1895 416 1965 atque
427 1888 541 1964 linguis,
554 1907 606 1945 nee
621 1887 678 1944 ulla
688 1905 827 1963 umquam
836 1894 918 1946 aetas

73 1969 109 2025 de
130 1969 187 2024 tuis
207 1967 339 2025 laudibus
360 1968 547 2025 conticescet:
570 1967 620 2025 sed
633 1974 730 2024 tamen
751 1966 918 2026 eiusmodi

73 2067 117 2104 res
138 2047 308 2124 nescioquo
329 2048 519 2104 modoetiam
541 2066 607 2104 cum
628 2046 770 2123 leguntur,
786 2044 918 2124 obstrepi

74 2127 196 2184 clamore
210 2127 335 2185 militum
346 2127 479 2184 videntur
492 2133 521 2184 et
532 2126 665 2184 tubarum
677 2145 756 2183 seno.
793 2123 837 2184 At
882 2146 917 2184 ro

31 2276 33 2280 Δ
74 2227 139 2264 cum
167 2206 275 2284 aliquid
299 2206 460 2277 clementer,
480 2213 636 2278 mansuete,
657 2206 738 2276 iuste,
756 2204 916 2277 moderate,

74 2289 215 2364 sapienter
234 2289 353 2357 factum,
369 2288 398 2343 in
418 2287 566 2344 iracundia
585 2286 760 2364 praesertim,
776 2304 849 2363 quae
871 2293 918 2345 est

74 2368 190 2425 inimica
210 2368 337 2438 consilio,
350 2374 379 2424 et
395 2367 425 2423 in
442 2367 569 2437 victoria,
583 2385 654 2443 quae
671 2371 772 2422 natura
788 2364 932 2423 insolens

74 2456 103 2505 et
120 2447 241 2524 superba
261 2455 311 2518 cst,
324 2447 457 2504 audimus
477 2453 526 2503 aut
543 2446 672 2523 legimus,
686 2464 743 2522 que
760 2443 857 2503 studio
873 2445 912 2502 in·

74 2528 229 2597 cendimur,
246 2547 303 2585 uon
325 2527 414 2584 modo
435 2527 465 2583 iu
488 2527 576 2603 gestis
596 2525 688 2597 rebus
704 2525 755 2582 sed
775 2523 864 2581 ctiam
884 2525 917 2582 in

74 2606 156 2677 fictis,
172 2614 204 2664 ut
225 2626 273 2664 ees
294 2626 385 2683 saepe,
399 2626 471 2684 quos
491 2625 648 2683 numquam
669 2604 803 2674 vidimus,
815 2603 916 2682 dilige·

74 2706 138 2743 mus
148 2688 154 2744 ἒ
192 2692 236 2744 10.
247 2686 287 2744 Te
298 2707 372 2757 vero,
386 2705 470 2762 quem
482 2693 659 2762 praesentem
671 2685 823 2754 intuemur,
833 2685 917 2742 cuius

74 2773 201 2823 mentem
215 2785 369 2842 sensusque
383 2772 412 2823 et
428 2786 459 2821 es
476 2765 625 2835 ceruimus,
638 2771 679 2836 ut,
690 2763 832 2841 quidquid
848 2762 918 2823 belli

74 2846 192 2903 fortuna
208 2846 348 2923 reliquum
365 2845 406 2902 rei
420 2844 551 2921 publicae
565 2845 673 2915 iecerit,
686 2844 716 2901 id
731 2862 790 2901 esse
805 2841 917 2901 salvum

74 2926 152 2995 velis,
165 2925 268 3002 quibus
284 2923 416 2982 laudibus
431 2924 599 2981 efferemus?
620 2924 724 3001 quibus
738 2923 840 2981 studiis
851 2942 917 3000 pro·

75 3006 243 3082 sequemurl
265 3023 321 3080 qua
334 3003 532 3060 benevelentia
546 3004 786 3080 complectemur?
820 3002 916 3061 Parie·

75 3091 126 3154 tes,
138 3104 184 3142 me
199 3084 263 3141 dius
279 3082 372 3153 fidius,
385 3090 417 3140 ut
431 3082 503 3139 mihi
518 3083 638 3152 videtur,
650 3082 735 3140 huius
751 3083 846 3141 curiae
860 3082 915 3141 tibi

67 3164 179 3238 gratias
192 3182 276 3236 agere
287 3163 426 3236 gestiunt,
438 3161 517 3244 quod
529 3161 609 3221 brevi
622 3168 754 3240 tempore
765 3161 865 3219 futura
878 3162 913 3221 sit
