1988 3480
72 116 122 167 256
150 115 188 165 IN
205 113 242 165 M.
256 113 449 166 aaronica
465 114 603 166 ORATIO
618 115 849 170 PHILIPPICA
866 120 901 171 II

73 216 112 274 sis
128 216 184 273 isto
201 216 264 273 leco
281 223 373 279 natus.
385 215 489 274 deinde
507 235 574 274 curn
592 216 734 296 Pompeii
754 228 861 293 sector,
873 240 926 279 non

73 304 102 353 te
113 306 287 354 esserratnrn
299 295 407 375 populo
417 296 557 361 Romano,
567 315 626 353 uon
639 296 863 371 detestabilem,
874 322 926 358 non

73 395 173 433 ornnes
189 375 242 433 tihi
260 376 338 447 deos,
350 396 406 433 nou
427 395 527 433 ornnes
544 375 682 434 homines
700 386 732 435 et
751 398 818 437 esse
839 382 928 438 inimi·

73 476 122 511 eos
146 465 176 513 et
200 457 313 514 futuros
337 457 426 513 seiam?
466 456 509 512 nt
533 475 619 532 quarn
640 456 811 517 insolenter
833 462 926 518 statim

75 535 169 593 hellue
187 537 290 593 inuasit
307 537 335 594 in
353 537 414 592 eins
427 535 480 613 riri
496 536 635 605 fortunas,
647 537 734 594 cuius
750 539 865 598 virtute
879 549 928 599 ter-

74 616 184 673 ribilior
197 627 255 675 erat
268 616 390 694 populus
401 615 548 672 Romanus
562 615 667 672 exteris
683 619 840 693 gentibus,
853 621 927 678 iusti-

74 697 114 753 tia
124 697 233 754 rarior?
267 694 395 753 xxi'll.
409 695 442 752 ln
457 696 517 752 eius
532 695 622 772 igitur
631 695 687 752 riri
699 699 808 774 copias
822 719 890 758 curn
900 721 926 758 se

73 777 170 833 subito
196 777 405 851 ingurgitasset,
424 775 584 832 exsultabat
603 775 714 852 gaudio
736 795 871 854 persona
894 780 926 838 de

74 857 164 912 rnirno
181 856 269 913 rrrodo
284 875 377 930 aurens,
391 863 506 932 repente
523 855 610 912 dives.
654 854 724 927 Sed,
737 865 775 914 ut
790 867 838 916 est
852 860 926 938 apud

74 943 191 1013 poetunr
213 937 309 991 neseio
329 955 423 1012 quem,
438 932 512 992 mule
527 943 617 1008 porta
638 936 716 994 male
736 937 924 997 dilabuntur.

74 1022 120 1071 66.
140 1014 306 1071 incredibile
323 1036 355 1071 ac
373 1015 465 1072 simile
479 1014 606 1092 portenti
620 1022 672 1086 est,
683 1034 822 1092 quonam
840 1020 925 1077 modo

74 1095 196 1152 illatam
214 1094 305 1151 inulta
321 1114 406 1171 quarn
424 1096 522 1172 paucis
535 1113 597 1151 non
614 1093 681 1151 dico
698 1098 866 1172 mensibus,
879 1100 924 1157 sed

73 1174 175 1232 diebus
195 1174 335 1232 effuderit.
379 1175 522 1232 Maximus
540 1174 600 1231 vini
620 1192 761 1233 numerus
778 1178 852 1250 fuit,
867 1200 925 1258 per·

74 1274 209 1329 maranum
222 1256 326 1332 optimi
335 1255 448 1332 pondus
458 1255 578 1331 argenti,
586 1254 713 1331 pretiosa
723 1258 827 1329 vestis,
836 1261 925 1318 multa

73 1343 102 1392 et
121 1336 197 1393 lanta
217 1335 342 1412 supellex
364 1344 393 1392 et
412 1333 565 1411 magnifica
584 1333 684 1391 multis
700 1334 784 1408 loeis,
799 1358 861 1396 non
880 1339 924 1396 illa

74 1416 190 1491 quidem
219 1415 355 1472 luxuriosi
380 1415 513 1484 hominis,
534 1414 584 1472 sed
607 1421 704 1470 tamen
734 1415 922 1476 abundantis.

75 1494 187 1551 Ilomrn
203 1496 301 1572 paucis
317 1494 417 1552 diebus
431 1494 503 1562 nihil
518 1499 586 1551 erat.
630 1493 676 1550 67.
693 1492 777 1562 Quae
792 1497 924 1576 Charyb

73 1575 118 1630 dis
132 1581 192 1631 tarn
208 1576 313 1631 voraxl
354 1574 531 1650 Charybdim
548 1573 631 1631 dieol
652 1591 725 1649 quae
744 1575 769 1632 si
784 1576 856 1647 fuit,
867 1579 924 1636 ani·

73 1653 130 1710 mal
146 1673 234 1711 unum
249 1655 323 1711 fuit:
345 1653 483 1724 Oceanus,
494 1673 540 1710 me
555 1653 619 1710 dius
633 1652 727 1723 fidius,
741 1655 792 1713 vix
807 1657 924 1716 videtur

73 1740 118 1791 tot
129 1754 172 1791 res
184 1744 243 1792 tarn
254 1734 413 1810 dissipatas,
425 1741 484 1790 tarn
496 1733 670 1791 distantibus
683 1733 714 1790 in
725 1733 800 1792 locis
811 1739 923 1813 positas

72 1819 133 1870 tarn
156 1815 214 1871 cito
236 1813 386 1870 absorbere
409 1814 542 1890 potuisse.
588 1813 668 1870 Nihil
692 1820 754 1870 erat
780 1815 921 1889 clausum,

73 1892 145 1950 nihil
163 1894 355 1967 obsignatum,
368 1892 439 1949 nihil
459 1894 605 1968 scriptum.
647 1892 821 1970 Apothecae
842 1904 923 1955 totae

73 1973 254 2048 nequissimis
273 1972 440 2028 horninibus
460 1972 704 2030 condonabantur.
746 1973 819 2032 Alia
836 1977 922 2034 mimi

72 2051 228 2127 rapiebant,
237 2050 292 2107 alia
299 2051 419 2107 mimae:
438 2051 541 2109 domus
551 2061 611 2110 erat
620 2052 794 2110 aleatoribus
803 2055 920 2127 referta,

72 2131 157 2207 plena
174 2130 333 2187 ebriorum:
356 2136 435 2186 totos
452 2131 513 2188 dies
529 2131 683 2208 potabatur
696 2140 783 2209 atque
801 2134 833 2191 id
848 2135 922 2193 locis

72 2210 215 2287 pluribus:
234 2210 459 2287 suggerebantur
467 2212 553 2268 etiam
565 2230 747 2288 saepe-non
757 2213 837 2270 enirn
848 2234 921 2272 sem-

72 2310 123 2367 per
145 2291 198 2349 istc
219 2290 435 2348 felix-damna
458 2291 599 2348 aleatoris.
641 2290 842 2367 Genelryliatis'
865 2295 920 2353 Cn.

73 2370 206 2448 Pompeii
221 2372 428 2448 peristromatis
443 2391 588 2428 servorum
602 2371 633 2445 in
649 2370 728 2427 cellis
744 2370 835 2429 lectos
849 2382 920 2432 stra-

71 2456 118 2505 tos
134 2452 250 2508 videres.
289 2451 382 2519 Quam
397 2452 508 2509 obrem
523 2451 645 2508 desinite
659 2450 756 2506 mirari
769 2449 842 2509 haec
857 2461 918 2514 tam

72 2529 200 2587 celeriter
214 2550 273 2587 esse
288 2538 465 2608 consumpta
501 2531 530 2588 N
532 2550 569 2586 on
584 2529 671 2586 rnodo
683 2529 768 2585 unius
778 2531 917 2606 patrimo·

72 2609 152 2666 niurn
165 2611 294 2685 quamvis
308 2610 444 2686 anrplurn,
453 2617 486 2667 ut
496 2611 566 2667 illud
577 2610 643 2678 fuit,
654 2608 704 2664 sed
715 2608 799 2665 nrbes
813 2617 845 2667 et
855 2631 921 2688 reg-

72 2689 464 2766 naceleritertantanequitie
472 2690 605 2747 devorare
613 2688 761 2765 potuisset.
787 2688 920 2748 Atidem

72 2768 156 2825 aedes
174 2769 258 2825 etiarn
279 2777 308 2826 et
325 2769 430 2826 hortos.
471 2768 719 2827 68.0audacian1
738 2768 919 2829 immanem!

73 2855 104 2904 tu
114 2848 200 2905 etiarn
212 2849 322 2922 ingredi
335 2850 411 2906 illam
423 2851 541 2907 domurn
553 2868 637 2905 ausus
648 2849 696 2906 esl
715 2855 747 2904 tu
757 2847 828 2904 illud
838 2869 930 2907 sano·

72 2928 216 2984 tissimum
230 2921 318 2986 limen
330 2930 451 2986 intrare?
472 2936 503 2986 tu
519 2930 630 2984 illarum
645 2929 758 2985 aedium
771 2927 816 2984 dis
830 2947 919 3004 pona-

72 3007 150 3063 tibus
171 3027 203 3063 es
224 3008 449 3084 impurissimum
471 3008 637 3065 ostenderet
678 3006 770 3075 eram
793 3008 916 3066 domum

72 3086 196 3163 aliquam
215 3087 265 3144 diu
282 3107 368 3144 nemo
384 3087 508 3163 aspicere
525 3093 645 3163 poterat,
659 3105 745 3143 nemo
759 3087 820 3144 siue
835 3087 918 3146 lacri-

73 3165 127 3221 mis
141 3166 302 3242 praeterirc‚
314 3166 367 3222 hac
381 3173 409 3222 te
424 3167 453 3223 in
468 3166 555 3223 dorne
566 3173 626 3223 tam
637 3165 690 3222 diu
702 3165 846 3222 deversari
854 3185 917 3225 non

963 38 966 91 l
