<?xml version="1.0" encoding="UTF-8"?>
<!DOCTYPE html PUBLIC "-//W3C//DTD XHTML 1.0 Transitional//EN"
    "http://www.w3.org/TR/xhtml1/DTD/xhtml1-transitional.dtd">
<html xmlns="http://www.w3.org/1999/xhtml" xml:lang="en" lang="en">
 <head>
  <title>
</title>
<meta http-equiv="Content-Type" content="text/html;charset=utf-8" />
  <meta name='ocr-system' content='tesseract 3.04.00' />
  <meta name='ocr-capabilities' content='ocr_page ocr_carea ocr_par ocr_line ocrx_word'/>
</head>
<body>
  <div class='ocr_page' id='page_1' title='image "./mtulliiciceroni32cicegoog_0038.png"; bbox 0 0 1988 3480; ppageno 0'>
   <div class='ocr_carea' id='block_1_1' title="bbox 293 71 921 168">
    <p class='ocr_par' dir='ltr' id='par_1_1' title="bbox 293 71 921 168">
     <span class='ocr_line' id='line_1_1' title="bbox 293 71 921 168; baseline 0 -11"><span class='ocrx_word' id='word_1_1' title='bbox 293 71 703 168; x_wconf 73' lang='lat' dir='ltr'>ene.xrr.-xxi1.‚esee4.</span> <span class='ocrx_word' id='word_1_2' title='bbox 889 110 921 157; x_wconf 79' lang='lat' dir='ltr'>aa</span> 
     </span>
    </p>
   </div>
   <div class='ocr_carea' id='block_1_2' title="bbox 62 207 947 3246">
    <p class='ocr_par' dir='ltr' id='par_1_2' title="bbox 79 207 922 1563">
     <span class='ocr_line' id='line_1_2' title="bbox 80 207 922 287; baseline 0 -20"><span class='ocrx_word' id='word_1_3' title='bbox 80 215 218 287; x_wconf 82' lang='lat' dir='ltr'>tompore,</span> <span class='ocrx_word' id='word_1_4' title='bbox 234 227 299 266; x_wconf 88' lang='lat' dir='ltr'>cum</span> <span class='ocrx_word' id='word_1_5' title='bbox 317 215 390 266; x_wconf 89' lang='lat' dir='ltr'>esset</span> <span class='ocrx_word' id='word_1_6' title='bbox 406 228 465 265; x_wconf 91' lang='lat' dir='ltr'>non</span> <span class='ocrx_word' id='word_1_7' title='bbox 482 226 568 265; x_wconf 90' lang='lat' dir='ltr'>nemo</span> <span class='ocrx_word' id='word_1_8' title='bbox 584 208 615 264; x_wconf 90' lang='lat' dir='ltr'>in</span> <span class='ocrx_word' id='word_1_9' title='bbox 633 213 733 265; x_wconf 88' lang='lat' dir='ltr'>senatu</span> <span class='ocrx_word' id='word_1_10' title='bbox 748 208 797 285; x_wconf 91' lang='lat' dir='ltr'>qui</span> <span class='ocrx_word' id='word_1_11' title='bbox 815 207 922 267; x_wconf 91' lang='lat' dir='ltr'>diceret</span> 
     </span>
     <span class='ocr_line' id='line_1_3' title="bbox 80 288 920 362; baseline 0.002 -17"><span class='ocrx_word' id='word_1_12' title='bbox 80 308 136 345; x_wconf 80' lang='lat' dir='ltr'>nore</span> <span class='ocrx_word' id='word_1_13' title='bbox 150 296 274 362; x_wconf 79' lang='lat' dir='ltr'><em>oportere</em></span> <span class='ocrx_word' id='word_1_14' title='bbox 287 289 365 344; x_wconf 80' lang='lat' dir='ltr'>mitti</span> <span class='ocrx_word' id='word_1_15' title='bbox 379 289 519 344; x_wconf 75' lang='lat' dir='ltr'>toeniaem</span> <span class='ocrx_word' id='word_1_16' title='bbox 529 288 681 362; x_wconf 73' lang='lat' dir='ltr'>privatum</span> <span class='ocrx_word' id='word_1_17' title='bbox 687 307 744 361; x_wconf 81' lang='lat' dir='ltr'>pro</span> <span class='ocrx_word' id='word_1_18' title='bbox 759 289 878 360; x_wconf 66' lang='lat' dir='ltr'>coraule,</span> <span class='ocrx_word' id='word_1_19' title='bbox 889 288 920 347; x_wconf 83' lang='lat' dir='ltr'>L.</span> 
     </span>
     <span class='ocr_line' id='line_1_4' title="bbox 80 368 921 445; baseline 0 -20"><span class='ocrx_word' id='word_1_20' title='bbox 80 368 234 445; x_wconf 84' lang='lat' dir='ltr'>Philippus</span> <span class='ocrx_word' id='word_1_21' title='bbox 250 369 355 425; x_wconf 82' lang='lat' dir='ltr'>dixisse</span> <span class='ocrx_word' id='word_1_22' title='bbox 372 369 476 425; x_wconf 90' lang='lat' dir='ltr'>dicitnr</span> <span class='ocrx_word' id='word_1_23' title='bbox 492 387 549 424; x_wconf 81' lang='lat' dir='ltr'>nou</span> <span class='ocrx_word' id='word_1_24' title='bbox 566 387 592 424; x_wconf 83' lang='lat' dir='ltr'>sc</span> <span class='ocrx_word' id='word_1_25' title='bbox 609 369 696 424; x_wconf 74' lang='lat' dir='ltr'>illem</span> <span class='ocrx_word' id='word_1_26' title='bbox 713 387 767 424; x_wconf 78' lang='lat' dir='ltr'>auo</span> <span class='ocrx_word' id='word_1_27' title='bbox 786 369 921 426; x_wconf 80' lang='lat' dir='ltr'>sententio</span> 
     </span>
     <span class='ocr_line' id='line_1_5' title="bbox 81 447 921 522; baseline 0.001 -18"><span class='ocrx_word' id='word_1_28' title='bbox 81 467 138 522; x_wconf 85' lang='lat' dir='ltr'>pro</span> <span class='ocrx_word' id='word_1_29' title='bbox 152 449 395 522; x_wconf 58' lang='lat' dir='ltr'>consolantique</span> <span class='ocrx_word' id='word_1_30' title='bbox 409 449 570 505; x_wconf 76' lang='lat' dir='ltr'>consulibua</span> <span class='ocrx_word' id='word_1_31' title='bbox 584 449 701 505; x_wconf 79' lang='lat' dir='ltr'>mittere.</span> <span class='ocrx_word' id='word_1_32' title='bbox 737 447 831 505; x_wconf 87' lang='lat' dir='ltr'>Tanta</span> <span class='ocrx_word' id='word_1_33' title='bbox 841 449 871 505; x_wconf 92' lang='lat' dir='ltr'>in</span> <span class='ocrx_word' id='word_1_34' title='bbox 887 469 921 506; x_wconf 91' lang='lat' dir='ltr'>eo</span> 
     </span>
     <span class='ocr_line' id='line_1_6' title="bbox 80 527 922 605; baseline 0.002 -20"><span class='ocrx_word' id='word_1_35' title='bbox 80 529 121 585; x_wconf 93' lang='lat' dir='ltr'>rei</span> <span class='ocrx_word' id='word_1_36' title='bbox 141 528 272 604; x_wconf 87' lang='lat' dir='ltr'>publicae</span> <span class='ocrx_word' id='word_1_37' title='bbox 292 527 365 585; x_wconf 88' lang='lat' dir='ltr'>bene</span> <span class='ocrx_word' id='word_1_38' title='bbox 388 529 529 605; x_wconf 80' lang='lat' dir='ltr'>gerendae</span> <span class='ocrx_word' id='word_1_39' title='bbox 550 546 614 604; x_wconf 83' lang='lat' dir='ltr'>spes</span> <span class='ocrx_word' id='word_1_40' title='bbox 636 528 870 599; x_wconf 80' lang='lat' dir='ltr'>constituebatur,</span> <span class='ocrx_word' id='word_1_41' title='bbox 889 535 922 587; x_wconf 93' lang='lat' dir='ltr'>ut</span> 
     </span>
     <span class='ocr_line' id='line_1_7' title="bbox 81 607 922 666; baseline 0.001 -1"><span class='ocrx_word' id='word_1_42' title='bbox 81 608 202 665; x_wconf 88' lang='lat' dir='ltr'>duorum</span> <span class='ocrx_word' id='word_1_43' title='bbox 220 608 368 665; x_wconf 90' lang='lat' dir='ltr'>consulum</span> <span class='ocrx_word' id='word_1_44' title='bbox 389 628 494 665; x_wconf 91' lang='lat' dir='ltr'>munus</span> <span class='ocrx_word' id='word_1_45' title='bbox 512 608 597 665; x_wconf 90' lang='lat' dir='ltr'>unius</span> <span class='ocrx_word' id='word_1_46' title='bbox 618 607 806 665; x_wconf 86' lang='lat' dir='ltr'>adolescentis</span> <span class='ocrx_word' id='word_1_47' title='bbox 823 609 922 666; x_wconf 87' lang='lat' dir='ltr'>virtuti</span> 
     </span>
     <span class='ocr_line' id='line_1_8' title="bbox 80 687 922 766; baseline 0.001 -21"><span class='ocrx_word' id='word_1_48' title='bbox 80 689 315 745; x_wconf 82' lang='lat' dir='ltr'>committeretur.</span> <span class='ocrx_word' id='word_1_49' title='bbox 358 687 436 756; x_wconf 84' lang='lat' dir='ltr'>Quid</span> <span class='ocrx_word' id='word_1_50' title='bbox 449 696 510 745; x_wconf 89' lang='lat' dir='ltr'>tam</span> <span class='ocrx_word' id='word_1_51' title='bbox 524 688 666 765; x_wconf 80' lang='lat' dir='ltr'>singulare</span> <span class='ocrx_word' id='word_1_52' title='bbox 682 707 768 766; x_wconf 87' lang='lat' dir='ltr'>quam</span> <span class='ocrx_word' id='word_1_53' title='bbox 783 695 816 745; x_wconf 93' lang='lat' dir='ltr'>nt</span> <span class='ocrx_word' id='word_1_54' title='bbox 831 708 864 745; x_wconf 85' lang='lat' dir='ltr'>ex</span> <span class='ocrx_word' id='word_1_55' title='bbox 882 709 922 746; x_wconf 82' lang='lat' dir='ltr'>se</span> 
     </span>
     <span class='ocr_line' id='line_1_9' title="bbox 80 768 920 845; baseline 0 -21"><span class='ocrx_word' id='word_1_56' title='bbox 80 775 163 825; x_wconf 88' lang='lat' dir='ltr'>natus</span> <span class='ocrx_word' id='word_1_57' title='bbox 173 768 303 825; x_wconf 89' lang='lat' dir='ltr'>consulto</span> <span class='ocrx_word' id='word_1_58' title='bbox 312 768 423 844; x_wconf 75' lang='lat' dir='ltr'>legibus</span> <span class='ocrx_word' id='word_1_59' title='bbox 434 769 544 825; x_wconf 90' lang='lat' dir='ltr'>solutus</span> <span class='ocrx_word' id='word_1_60' title='bbox 555 768 653 826; x_wconf 90' lang='lat' dir='ltr'>consul</span> <span class='ocrx_word' id='word_1_61' title='bbox 663 768 824 839; x_wconf 89' lang='lat' dir='ltr'>antefieret,</span> <span class='ocrx_word' id='word_1_62' title='bbox 836 788 920 845; x_wconf 90' lang='lat' dir='ltr'>quam</span> 
     </span>
     <span class='ocr_line' id='line_1_10' title="bbox 80 848 922 926; baseline 0.002 -22"><span class='ocrx_word' id='word_1_63' title='bbox 80 848 170 905; x_wconf 92' lang='lat' dir='ltr'>ullum</span> <span class='ocrx_word' id='word_1_64' title='bbox 185 848 273 904; x_wconf 82' lang='lat' dir='ltr'>alium</span> <span class='ocrx_word' id='word_1_65' title='bbox 289 849 489 925; x_wconf 80' lang='lat' dir='ltr'>magistratum</span> <span class='ocrx_word' id='word_1_66' title='bbox 503 868 555 925; x_wconf 90' lang='lat' dir='ltr'>per</span> <span class='ocrx_word' id='word_1_67' title='bbox 569 848 646 925; x_wconf 78' lang='lat' dir='ltr'>leges</span> <span class='ocrx_word' id='word_1_68' title='bbox 663 868 763 926; x_wconf 87' lang='lat' dir='ltr'>capere</span> <span class='ocrx_word' id='word_1_69' title='bbox 778 849 922 906; x_wconf 82' lang='lat' dir='ltr'>licuissetl</span> 
     </span>
     <span class='ocr_line' id='line_1_11' title="bbox 81 928 921 1006; baseline 0.001 -22"><span class='ocrx_word' id='word_1_70' title='bbox 81 928 150 1004; x_wconf 93' lang='lat' dir='ltr'>quid</span> <span class='ocrx_word' id='word_1_71' title='bbox 161 935 220 1001; x_wconf 70' lang='lat' dir='ltr'>tam</span> <span class='ocrx_word' id='word_1_72' title='bbox 235 929 400 986; x_wconf 85' lang='lat' dir='ltr'>incredibile</span> <span class='ocrx_word' id='word_1_73' title='bbox 415 948 500 1005; x_wconf 88' lang='lat' dir='ltr'>qnam</span> <span class='ocrx_word' id='word_1_74' title='bbox 515 928 662 986; x_wconf 88' lang='lat' dir='ltr'>utiterum</span> <span class='ocrx_word' id='word_1_75' title='bbox 677 948 763 1006; x_wconf 91' lang='lat' dir='ltr'>eques</span> <span class='ocrx_word' id='word_1_76' title='bbox 774 928 921 986; x_wconf 88' lang='lat' dir='ltr'>Romanus</span> 
     </span>
     <span class='ocr_line' id='line_1_12' title="bbox 80 1008 920 1085; baseline 0.001 -21"><span class='ocrx_word' id='word_1_77' title='bbox 80 1027 115 1064; x_wconf 88' lang='lat' dir='ltr'>ex</span> <span class='ocrx_word' id='word_1_78' title='bbox 129 1016 243 1065; x_wconf 86' lang='lat' dir='ltr'>senatus</span> <span class='ocrx_word' id='word_1_79' title='bbox 258 1009 388 1066; x_wconf 89' lang='lat' dir='ltr'>consulto</span> <span class='ocrx_word' id='word_1_80' title='bbox 402 1008 611 1085; x_wconf 78' lang='lat' dir='ltr'>triumpharetl</span> <span class='ocrx_word' id='word_1_81' title='bbox 649 1008 728 1077; x_wconf 84' lang='lat' dir='ltr'>Quae</span> <span class='ocrx_word' id='word_1_82' title='bbox 742 1009 772 1065; x_wconf 91' lang='lat' dir='ltr'>in</span> <span class='ocrx_word' id='word_1_83' title='bbox 788 1009 920 1066; x_wconf 85' lang='lat' dir='ltr'>omnibus</span> 
     </span>
     <span class='ocr_line' id='line_1_13' title="bbox 80 1087 921 1166; baseline 0.002 -22"><span class='ocrx_word' id='word_1_84' title='bbox 80 1087 245 1145; x_wconf 87' lang='lat' dir='ltr'>hominibus</span> <span class='ocrx_word' id='word_1_85' title='bbox 266 1107 342 1146; x_wconf 90' lang='lat' dir='ltr'>nova</span> <span class='ocrx_word' id='word_1_86' title='bbox 361 1096 428 1166; x_wconf 92' lang='lat' dir='ltr'>post</span> <span class='ocrx_word' id='word_1_87' title='bbox 451 1090 604 1146; x_wconf 86' lang='lat' dir='ltr'>hominum</span> <span class='ocrx_word' id='word_1_88' title='bbox 626 1089 794 1146; x_wconf 85' lang='lat' dir='ltr'>memoriam</span> <span class='ocrx_word' id='word_1_89' title='bbox 818 1089 921 1146; x_wconf 88' lang='lat' dir='ltr'>consti·</span> 
     </span>
     <span class='ocr_line' id='line_1_14' title="bbox 80 1169 921 1247; baseline 0.002 -23"><span class='ocrx_word' id='word_1_90' title='bbox 80 1174 144 1224; x_wconf 86' lang='lat' dir='ltr'>tuta</span> <span class='ocrx_word' id='word_1_91' title='bbox 160 1176 234 1239; x_wconf 85' lang='lat' dir='ltr'>sunt,</span> <span class='ocrx_word' id='word_1_92' title='bbox 250 1189 283 1226; x_wconf 88' lang='lat' dir='ltr'>ea</span> <span class='ocrx_word' id='word_1_93' title='bbox 299 1175 358 1226; x_wconf 88' lang='lat' dir='ltr'>tam</span> <span class='ocrx_word' id='word_1_94' title='bbox 376 1169 467 1226; x_wconf 89' lang='lat' dir='ltr'>multa</span> <span class='ocrx_word' id='word_1_95' title='bbox 483 1189 542 1226; x_wconf 93' lang='lat' dir='ltr'>non</span> <span class='ocrx_word' id='word_1_96' title='bbox 564 1176 630 1226; x_wconf 90' lang='lat' dir='ltr'>sunt</span> <span class='ocrx_word' id='word_1_97' title='bbox 648 1188 734 1245; x_wconf 89' lang='lat' dir='ltr'>quam</span> <span class='ocrx_word' id='word_1_98' title='bbox 754 1169 832 1241; x_wconf 84' lang='lat' dir='ltr'>haee,</span> <span class='ocrx_word' id='word_1_99' title='bbox 849 1189 921 1247; x_wconf 88' lang='lat' dir='ltr'>quae</span> 
     </span>
     <span class='ocr_line' id='line_1_15' title="bbox 79 1247 921 1326; baseline 0.004 -22"><span class='ocrx_word' id='word_1_100' title='bbox 79 1247 110 1304; x_wconf 92' lang='lat' dir='ltr'>in</span> <span class='ocrx_word' id='word_1_101' title='bbox 131 1248 186 1305; x_wconf 88' lang='lat' dir='ltr'>hoe</span> <span class='ocrx_word' id='word_1_102' title='bbox 209 1269 267 1305; x_wconf 93' lang='lat' dir='ltr'>nno</span> <span class='ocrx_word' id='word_1_103' title='bbox 288 1249 405 1307; x_wconf 85' lang='lat' dir='ltr'>homine</span> <span class='ocrx_word' id='word_1_104' title='bbox 426 1250 564 1306; x_wconf 89' lang='lat' dir='ltr'>videmus.</span> <span class='ocrx_word' id='word_1_105' title='bbox 608 1253 654 1306; x_wconf 88' lang='lat'>63.</span> <span class='ocrx_word' id='word_1_106' title='bbox 673 1248 770 1326; x_wconf 89' lang='lat' dir='ltr'>Atque</span> <span class='ocrx_word' id='word_1_107' title='bbox 789 1249 859 1307; x_wconf 89' lang='lat' dir='ltr'>haec</span> <span class='ocrx_word' id='word_1_108' title='bbox 876 1257 921 1307; x_wconf 89' lang='lat' dir='ltr'>tot</span> 
     </span>
     <span class='ocr_line' id='line_1_16' title="bbox 80 1329 920 1406; baseline 0.002 -22"><span class='ocrx_word' id='word_1_109' title='bbox 80 1329 210 1405; x_wconf 85' lang='lat' dir='ltr'>exempla</span> <span class='ocrx_word' id='word_1_110' title='bbox 222 1335 303 1386; x_wconf 86' lang='lat' dir='ltr'>tanta</span> <span class='ocrx_word' id='word_1_111' title='bbox 314 1349 346 1386; x_wconf 89' lang='lat' dir='ltr'>ac</span> <span class='ocrx_word' id='word_1_112' title='bbox 360 1337 419 1386; x_wconf 82' lang='lat' dir='ltr'>tam</span> <span class='ocrx_word' id='word_1_113' title='bbox 433 1349 508 1386; x_wconf 86' lang='lat' dir='ltr'>nova</span> <span class='ocrx_word' id='word_1_114' title='bbox 522 1329 652 1406; x_wconf 87' lang='lat' dir='ltr'>profecta</span> <span class='ocrx_word' id='word_1_115' title='bbox 666 1337 733 1386; x_wconf 89' lang='lat' dir='ltr'>sunt</span> <span class='ocrx_word' id='word_1_116' title='bbox 744 1330 772 1386; x_wconf 94' lang='lat' dir='ltr'>in</span> <span class='ocrx_word' id='word_1_117' title='bbox 788 1330 920 1388; x_wconf 88' lang='lat' dir='ltr'>eumdem</span> 
     </span>
     <span class='ocr_line' id='line_1_17' title="bbox 79 1407 921 1486; baseline 0.004 -23"><span class='ocrx_word' id='word_1_118' title='bbox 79 1407 227 1466; x_wconf 89' lang='lat' dir='ltr'>hominem</span> <span class='ocrx_word' id='word_1_119' title='bbox 241 1429 258 1465; x_wconf 84' lang='lat' dir='ltr'>a</span> <span class='ocrx_word' id='word_1_120' title='bbox 272 1408 305 1476; x_wconf 80' lang='lat' dir='ltr'>Q.</span> <span class='ocrx_word' id='word_1_121' title='bbox 317 1409 411 1466; x_wconf 84' lang='lat' dir='ltr'>Catuli</span> <span class='ocrx_word' id='word_1_122' title='bbox 426 1416 511 1486; x_wconf 88' lang='lat' dir='ltr'>atque</span> <span class='ocrx_word' id='word_1_123' title='bbox 523 1415 709 1466; x_wconf 75' lang='lat' dir='ltr'>coeterorum</span> <span class='ocrx_word' id='word_1_124' title='bbox 721 1409 848 1467; x_wconf 90' lang='lat' dir='ltr'>eiusdem</span> <span class='ocrx_word' id='word_1_125' title='bbox 860 1411 921 1486; x_wconf 79' lang='lat' dir='ltr'>dig-</span> 
     </span>
     <span class='ocr_line' id='line_1_18' title="bbox 80 1488 790 1563; baseline 0.004 -20"><span class='ocrx_word' id='word_1_126' title='bbox 80 1488 179 1544; x_wconf 88' lang='lat' dir='ltr'>nitatis</span> <span class='ocrx_word' id='word_1_127' title='bbox 193 1488 434 1563; x_wconf 87' lang='lat' dir='ltr'>amplissimorum</span> <span class='ocrx_word' id='word_1_128' title='bbox 448 1488 599 1545; x_wconf 88' lang='lat' dir='ltr'>hominum</span> <span class='ocrx_word' id='word_1_129' title='bbox 614 1489 790 1546; x_wconf 86' lang='lat' dir='ltr'>anctoritate.</span> 
     </span>
    </p>

    <p class='ocr_par' dir='ltr' id='par_1_3' title="bbox 78 1567 921 2204">
     <span class='ocr_line' id='line_1_19' title="bbox 120 1567 920 1644; baseline 0.003 -22"><span class='ocrx_word' id='word_1_130' title='bbox 120 1567 218 1624; x_wconf 90' lang='lat' dir='ltr'>XXII.</span> <span class='ocrx_word' id='word_1_131' title='bbox 238 1567 302 1634; x_wconf 80' lang='lat' dir='ltr'>Qua</span> <span class='ocrx_word' id='word_1_132' title='bbox 322 1587 352 1624; x_wconf 91' lang='lat' dir='ltr'>re</span> <span class='ocrx_word' id='word_1_133' title='bbox 368 1568 485 1624; x_wconf 85' lang='lat' dir='ltr'>videant</span> <span class='ocrx_word' id='word_1_134' title='bbox 501 1587 536 1624; x_wconf 93' lang='lat' dir='ltr'>ne</span> <span class='ocrx_word' id='word_1_135' title='bbox 558 1568 595 1624; x_wconf 89' lang='lat' dir='ltr'>sit</span> <span class='ocrx_word' id='word_1_136' title='bbox 612 1568 794 1644; x_wconf 87' lang='lat' dir='ltr'>periniquum</span> <span class='ocrx_word' id='word_1_137' title='bbox 816 1574 845 1625; x_wconf 92' lang='lat' dir='ltr'>et</span> <span class='ocrx_word' id='word_1_138' title='bbox 861 1587 920 1624; x_wconf 90' lang='lat' dir='ltr'>non</span> 
     </span>
     <span class='ocr_line' id='line_1_20' title="bbox 80 1646 921 1724; baseline 0.001 -22"><span class='ocrx_word' id='word_1_139' title='bbox 80 1646 242 1716; x_wconf 83' lang='lat' dir='ltr'>ferundum,</span> <span class='ocrx_word' id='word_1_140' title='bbox 256 1647 369 1704; x_wconf 89' lang='lat' dir='ltr'>illorum</span> <span class='ocrx_word' id='word_1_141' title='bbox 384 1647 582 1704; x_wconf 88' lang='lat' dir='ltr'>anctoritatem</span> <span class='ocrx_word' id='word_1_142' title='bbox 597 1647 633 1703; x_wconf 92' lang='lat' dir='ltr'>de</span> <span class='ocrx_word' id='word_1_143' title='bbox 647 1647 699 1704; x_wconf 85' lang='lat' dir='ltr'>Cn.</span> <span class='ocrx_word' id='word_1_144' title='bbox 712 1648 845 1723; x_wconf 92' lang='lat' dir='ltr'>Pompeii</span> <span class='ocrx_word' id='word_1_145' title='bbox 860 1648 921 1724; x_wconf 84' lang='lat' dir='ltr'>dig·</span> 
     </span>
     <span class='ocr_line' id='line_1_21' title="bbox 80 1727 921 1803; baseline 0.002 -21"><span class='ocrx_word' id='word_1_146' title='bbox 80 1727 170 1783; x_wconf 87' lang='lat' dir='ltr'>nitate</span> <span class='ocrx_word' id='word_1_147' title='bbox 184 1747 201 1783; x_wconf 89' lang='lat' dir='ltr'>a</span> <span class='ocrx_word' id='word_1_148' title='bbox 214 1727 296 1783; x_wconf 86' lang='lat' dir='ltr'>vobis</span> <span class='ocrx_word' id='word_1_149' title='bbox 310 1727 525 1803; x_wconf 84' lang='lat' dir='ltr'>comprobatam</span> <span class='ocrx_word' id='word_1_150' title='bbox 541 1746 652 1803; x_wconf 86' lang='lat' dir='ltr'>semper</span> <span class='ocrx_word' id='word_1_151' title='bbox 666 1746 734 1798; x_wconf 87' lang='lat' dir='ltr'>esse,</span> <span class='ocrx_word' id='word_1_152' title='bbox 745 1735 870 1784; x_wconf 88' lang='lat' dir='ltr'>vestrum</span> <span class='ocrx_word' id='word_1_153' title='bbox 884 1727 921 1784; x_wconf 86' lang='lat' dir='ltr'>ab</span> 
     </span>
     <span class='ocr_line' id='line_1_22' title="bbox 80 1805 919 1884; baseline 0.004 -22"><span class='ocrx_word' id='word_1_154' title='bbox 80 1805 135 1863; x_wconf 89' lang='lat' dir='ltr'>illis</span> <span class='ocrx_word' id='word_1_155' title='bbox 152 1807 187 1864; x_wconf 90' lang='lat' dir='ltr'>de</span> <span class='ocrx_word' id='word_1_156' title='bbox 205 1807 306 1864; x_wconf 88' lang='lat' dir='ltr'>eodem</span> <span class='ocrx_word' id='word_1_157' title='bbox 322 1807 439 1864; x_wconf 90' lang='lat' dir='ltr'>homine</span> <span class='ocrx_word' id='word_1_158' title='bbox 461 1807 599 1864; x_wconf 89' lang='lat' dir='ltr'>iudicium</span> <span class='ocrx_word' id='word_1_159' title='bbox 620 1807 777 1884; x_wconf 90' lang='lat' dir='ltr'>populique</span> <span class='ocrx_word' id='word_1_160' title='bbox 796 1807 919 1865; x_wconf 85' lang='lat' dir='ltr'>Romani</span> 
     </span>
     <span class='ocr_line' id='line_1_23' title="bbox 80 1887 919 1964; baseline 0.004 -22"><span class='ocrx_word' id='word_1_161' title='bbox 80 1887 278 1944; x_wconf 83' lang='lat' dir='ltr'>anctoritatem</span> <span class='ocrx_word' id='word_1_162' title='bbox 289 1887 453 1964; x_wconf 83' lang='lat' dir='ltr'>improbari,</span> <span class='ocrx_word' id='word_1_163' title='bbox 466 1888 632 1964; x_wconf 85' lang='lat' dir='ltr'>praesertim</span> <span class='ocrx_word' id='word_1_164' title='bbox 647 1907 713 1944; x_wconf 92' lang='lat' dir='ltr'>eum</span> <span class='ocrx_word' id='word_1_165' title='bbox 724 1888 782 1945; x_wconf 88' lang='lat' dir='ltr'>iam</span> <span class='ocrx_word' id='word_1_166' title='bbox 796 1908 847 1945; x_wconf 89' lang='lat' dir='ltr'>suo</span> <span class='ocrx_word' id='word_1_167' title='bbox 859 1889 919 1945; x_wconf 89' lang='lat' dir='ltr'>iure</span> 
     </span>
     <span class='ocr_line' id='line_1_24' title="bbox 79 1967 918 2043; baseline 0.001 -20"><span class='ocrx_word' id='word_1_168' title='bbox 79 1967 202 2043; x_wconf 89' lang='lat' dir='ltr'>populus</span> <span class='ocrx_word' id='word_1_169' title='bbox 217 1967 364 2024; x_wconf 87' lang='lat' dir='ltr'>Romanus</span> <span class='ocrx_word' id='word_1_170' title='bbox 377 1967 408 2024; x_wconf 94' lang='lat' dir='ltr'>in</span> <span class='ocrx_word' id='word_1_171' title='bbox 424 1967 480 2024; x_wconf 90' lang='lat' dir='ltr'>hoc</span> <span class='ocrx_word' id='word_1_172' title='bbox 493 1968 610 2025; x_wconf 93' lang='lat' dir='ltr'>homine</span> <span class='ocrx_word' id='word_1_173' title='bbox 625 1987 705 2024; x_wconf 85' lang='lat' dir='ltr'>suam</span> <span class='ocrx_word' id='word_1_174' title='bbox 719 1969 918 2026; x_wconf 82' lang='lat' dir='ltr'>auctoritatem</span> 
     </span>
     <span class='ocr_line' id='line_1_25' title="bbox 79 2047 917 2124; baseline 0.004 -22"><span class='ocrx_word' id='word_1_175' title='bbox 79 2047 122 2103; x_wconf 92' lang='lat' dir='ltr'>vel</span> <span class='ocrx_word' id='word_1_176' title='bbox 141 2055 239 2104; x_wconf 86' lang='lat' dir='ltr'>eontra</span> <span class='ocrx_word' id='word_1_177' title='bbox 260 2066 367 2119; x_wconf 69' lang='lat' dir='ltr'>omnes</span> <span class='ocrx_word' id='word_1_178' title='bbox 384 2048 434 2124; x_wconf 92' lang='lat' dir='ltr'>qni</span> <span class='ocrx_word' id='word_1_179' title='bbox 450 2048 631 2119; x_wconf 86' lang='lat' dir='ltr'>dissentiunt,</span> <span class='ocrx_word' id='word_1_180' title='bbox 647 2049 738 2124; x_wconf 90' lang='lat' dir='ltr'>possit</span> <span class='ocrx_word' id='word_1_181' title='bbox 756 2049 917 2120; x_wconf 85' lang='lat' dir='ltr'>defendere,</span> 
     </span>
     <span class='ocr_line' id='line_1_26' title="bbox 78 2126 918 2204; baseline 0.001 -21"><span class='ocrx_word' id='word_1_182' title='bbox 78 2135 230 2203; x_wconf 88' lang='lat' dir='ltr'>propterea</span> <span class='ocrx_word' id='word_1_183' title='bbox 244 2126 323 2204; x_wconf 91' lang='lat' dir='ltr'>quod</span> <span class='ocrx_word' id='word_1_184' title='bbox 336 2128 437 2185; x_wconf 88' lang='lat' dir='ltr'>iisdem</span> <span class='ocrx_word' id='word_1_185' title='bbox 452 2128 515 2184; x_wconf 88' lang='lat' dir='ltr'>istis</span> <span class='ocrx_word' id='word_1_186' title='bbox 531 2128 749 2185; x_wconf 88' lang='lat' dir='ltr'>reclamantibus</span> <span class='ocrx_word' id='word_1_187' title='bbox 764 2149 815 2185; x_wconf 87' lang='lat' dir='ltr'>vos</span> <span class='ocrx_word' id='word_1_188' title='bbox 829 2148 918 2186; x_wconf 92' lang='lat' dir='ltr'>unum</span> 
     </span>
    </p>

    <p class='ocr_par' dir='ltr' id='par_1_4' title="bbox 62 2206 947 3246">
     <span class='ocr_line' id='line_1_27' title="bbox 62 2206 918 2285; baseline 0.002 -23"><span class='ocrx_word' id='word_1_189' title='bbox 62 2274 64 2277; x_wconf 18' lang='grc' dir='ltr'>ι</span> <span class='ocrx_word' id='word_1_190' title='bbox 79 2206 159 2263; x_wconf 92' lang='lat' dir='ltr'>illum</span> <span class='ocrx_word' id='word_1_191' title='bbox 177 2227 211 2264; x_wconf 84' lang='lat' dir='ltr'>ex</span> <span class='ocrx_word' id='word_1_192' title='bbox 229 2207 363 2264; x_wconf 91' lang='lat' dir='ltr'>omnibus</span> <span class='ocrx_word' id='word_1_193' title='bbox 380 2208 526 2284; x_wconf 82' lang='lat' dir='ltr'>delegistis</span> <span class='ocrx_word' id='word_1_194' title='bbox 543 2227 628 2285; x_wconf 89' lang='lat' dir='ltr'>quem</span> <span class='ocrx_word' id='word_1_195' title='bbox 644 2208 719 2265; x_wconf 91' lang='lat' dir='ltr'>bello</span> <span class='ocrx_word' id='word_1_196' title='bbox 741 2209 918 2285; x_wconf 88' lang='lat' dir='ltr'>praedonum</span> 
     </span>
     <span class='ocr_line' id='line_1_28' title="bbox 79 2287 918 2364; baseline 0.002 -22"><span class='ocrx_word' id='word_1_197' title='bbox 79 2287 299 2364; x_wconf 87' lang='lat' dir='ltr'>praeponeretis.</span> <span class='ocrx_word' id='word_1_198' title='bbox 343 2292 389 2345; x_wconf 80' lang='lat'>64.</span> <span class='ocrx_word' id='word_1_199' title='bbox 405 2288 471 2345; x_wconf 88' lang='lat' dir='ltr'>Hoc</span> <span class='ocrx_word' id='word_1_200' title='bbox 486 2288 509 2344; x_wconf 90' lang='lat' dir='ltr'>si</span> <span class='ocrx_word' id='word_1_201' title='bbox 524 2308 574 2345; x_wconf 88' lang='lat' dir='ltr'>vos</span> <span class='ocrx_word' id='word_1_202' title='bbox 588 2295 695 2345; x_wconf 88' lang='lat' dir='ltr'>temere</span> <span class='ocrx_word' id='word_1_203' title='bbox 709 2289 818 2346; x_wconf 86' lang='lat' dir='ltr'>fecistis</span> <span class='ocrx_word' id='word_1_204' title='bbox 835 2295 863 2345; x_wconf 91' lang='lat' dir='ltr'>et</span> <span class='ocrx_word' id='word_1_205' title='bbox 878 2289 918 2344; x_wconf 90' lang='lat' dir='ltr'>rei</span> 
     </span>
     <span class='ocr_line' id='line_1_29' title="bbox 79 2367 919 2444; baseline 0.001 -21"><span class='ocrx_word' id='word_1_206' title='bbox 79 2367 209 2442; x_wconf 86' lang='lat' dir='ltr'>publicae</span> <span class='ocrx_word' id='word_1_207' title='bbox 226 2387 327 2444; x_wconf 88' lang='lat' dir='ltr'>parum</span> <span class='ocrx_word' id='word_1_208' title='bbox 349 2367 538 2438; x_wconf 69' lang='lat' dir='ltr'>consuluistis</span> <span class='ocrx_word' id='word_1_209' title='bbox 554 2375 628 2425; x_wconf 88' lang='lat' dir='ltr'>reete</span> <span class='ocrx_word' id='word_1_210' title='bbox 646 2369 694 2425; x_wconf 89' lang='lat' dir='ltr'>isti</span> <span class='ocrx_word' id='word_1_211' title='bbox 716 2369 810 2425; x_wconf 88' lang='lat' dir='ltr'>studia</span> <span class='ocrx_word' id='word_1_212' title='bbox 826 2375 919 2425; x_wconf 86' lang='lat' dir='ltr'>vestra</span> 
     </span>
     <span class='ocr_line' id='line_1_30' title="bbox 80 2448 919 2524; baseline 0.001 -21"><span class='ocrx_word' id='word_1_213' title='bbox 80 2448 137 2503; x_wconf 89' lang='lat' dir='ltr'>suis</span> <span class='ocrx_word' id='word_1_214' title='bbox 158 2449 283 2504; x_wconf 87' lang='lat' dir='ltr'>consiliis</span> <span class='ocrx_word' id='word_1_215' title='bbox 304 2466 400 2524; x_wconf 79' lang='lat' dir='ltr'>regere</span> <span class='ocrx_word' id='word_1_216' title='bbox 421 2455 576 2504; x_wconf 86' lang='lat' dir='ltr'>conantur:</span> <span class='ocrx_word' id='word_1_217' title='bbox 601 2449 644 2504; x_wconf 89' lang='lat' dir='ltr'>sin</span> <span class='ocrx_word' id='word_1_218' title='bbox 665 2455 761 2504; x_wconf 88' lang='lat' dir='ltr'>autem</span> <span class='ocrx_word' id='word_1_219' title='bbox 782 2468 833 2504; x_wconf 86' lang='lat' dir='ltr'>vos</span> <span class='ocrx_word' id='word_1_220' title='bbox 852 2449 919 2524; x_wconf 90' lang='lat' dir='ltr'>plus</span> 
     </span>
     <span class='ocr_line' id='line_1_31' title="bbox 78 2527 918 2605; baseline 0.001 -23"><span class='ocrx_word' id='word_1_221' title='bbox 78 2533 141 2583; x_wconf 91' lang='lat' dir='ltr'>tum</span> <span class='ocrx_word' id='word_1_222' title='bbox 157 2527 188 2583; x_wconf 91' lang='lat' dir='ltr'>in</span> <span class='ocrx_word' id='word_1_223' title='bbox 206 2547 235 2585; x_wconf 92' lang='lat' dir='ltr'>re</span> <span class='ocrx_word' id='word_1_224' title='bbox 248 2527 364 2605; x_wconf 88' lang='lat' dir='ltr'>publica</span> <span class='ocrx_word' id='word_1_225' title='bbox 378 2528 498 2597; x_wconf 84' lang='lat' dir='ltr'>vidistis,</span> <span class='ocrx_word' id='word_1_226' title='bbox 511 2547 562 2584; x_wconf 90' lang='lat' dir='ltr'>vos</span> <span class='ocrx_word' id='word_1_227' title='bbox 579 2528 614 2583; x_wconf 85' lang='lat' dir='ltr'>iis</span> <span class='ocrx_word' id='word_1_228' title='bbox 628 2527 853 2603; x_wconf 78' lang='lat' dir='ltr'>repugnantibus</span> <span class='ocrx_word' id='word_1_229' title='bbox 868 2547 918 2603; x_wconf 87' lang='lat' dir='ltr'>per</span> 
     </span>
     <span class='ocr_line' id='line_1_32' title="bbox 79 2606 918 2684; baseline 0.001 -22"><span class='ocrx_word' id='word_1_230' title='bbox 79 2608 284 2684; x_wconf 87' lang='lat' dir='ltr'>vosmetipsos</span> <span class='ocrx_word' id='word_1_231' title='bbox 301 2608 471 2681; x_wconf 68' lang='lat' dir='ltr'>dignitatem</span> <span class='ocrx_word' id='word_1_232' title='bbox 488 2607 555 2663; x_wconf 87' lang='lat' dir='ltr'>huic</span> <span class='ocrx_word' id='word_1_233' title='bbox 572 2607 701 2682; x_wconf 89' lang='lat' dir='ltr'>imperio,</span> <span class='ocrx_word' id='word_1_234' title='bbox 718 2606 837 2663; x_wconf 86' lang='lat' dir='ltr'>salntem</span> <span class='ocrx_word' id='word_1_235' title='bbox 856 2607 918 2663; x_wconf 90' lang='lat' dir='ltr'>orbi</span> 
     </span>
     <span class='ocr_line' id='line_1_33' title="bbox 78 2687 918 2762; baseline 0 -20"><span class='ocrx_word' id='word_1_236' title='bbox 78 2691 216 2743; x_wconf 86' lang='lat' dir='ltr'>terrarum</span> <span class='ocrx_word' id='word_1_237' title='bbox 231 2687 375 2758; x_wconf 64' lang='lat' dir='ltr'>attulistis</span> <span class='ocrx_word' id='word_1_238' title='bbox 388 2687 541 2762; x_wconf 82' lang='lat' dir='ltr'>aliquando</span> <span class='ocrx_word' id='word_1_239' title='bbox 556 2687 603 2743; x_wconf 84' lang='lat' dir='ltr'>isti</span> <span class='ocrx_word' id='word_1_240' title='bbox 617 2687 760 2762; x_wconf 89' lang='lat' dir='ltr'>principes</span> <span class='ocrx_word' id='word_1_241' title='bbox 775 2693 803 2743; x_wconf 89' lang='lat' dir='ltr'>et</span> <span class='ocrx_word' id='word_1_242' title='bbox 821 2687 875 2742; x_wconf 86' lang='lat' dir='ltr'>sibi</span> <span class='ocrx_word' id='word_1_243' title='bbox 890 2693 918 2742; x_wconf 93' lang='lat' dir='ltr'>et</span> 
     </span>
     <span class='ocr_line' id='line_1_34' title="bbox 79 2766 917 2844; baseline 0.001 -24"><span class='ocrx_word' id='word_1_244' title='bbox 79 2766 178 2822; x_wconf 88' lang='lat' dir='ltr'>ceteris</span> <span class='ocrx_word' id='word_1_245' title='bbox 192 2768 292 2844; x_wconf 87' lang='lat' dir='ltr'>populi</span> <span class='ocrx_word' id='word_1_246' title='bbox 306 2767 430 2823; x_wconf 86' lang='lat' dir='ltr'>Romani</span> <span class='ocrx_word' id='word_1_247' title='bbox 445 2767 568 2823; x_wconf 87' lang='lat' dir='ltr'>universi</span> <span class='ocrx_word' id='word_1_248' title='bbox 582 2767 746 2823; x_wconf 86' lang='lat' dir='ltr'>auctoritati</span> <span class='ocrx_word' id='word_1_249' title='bbox 759 2767 917 2842; x_wconf 86' lang='lat' dir='ltr'>parendum</span> 
     </span>
     <span class='ocr_line' id='line_1_35' title="bbox 80 2845 917 2923; baseline 0 -22"><span class='ocrx_word' id='word_1_250' title='bbox 80 2864 139 2902; x_wconf 91' lang='lat' dir='ltr'>esse</span> <span class='ocrx_word' id='word_1_251' title='bbox 153 2846 304 2904; x_wconf 82' lang='lat' dir='ltr'>fateantur.</span> <span class='ocrx_word' id='word_1_252' title='bbox 341 2846 438 2923; x_wconf 86' lang='lat' dir='ltr'>Atque</span> <span class='ocrx_word' id='word_1_253' title='bbox 452 2847 482 2902; x_wconf 91' lang='lat' dir='ltr'>in</span> <span class='ocrx_word' id='word_1_254' title='bbox 496 2846 551 2903; x_wconf 90' lang='lat' dir='ltr'>hoe</span> <span class='ocrx_word' id='word_1_255' title='bbox 566 2846 640 2903; x_wconf 94' lang='lat' dir='ltr'>bello</span> <span class='ocrx_word' id='word_1_256' title='bbox 651 2845 780 2904; x_wconf 83' lang='lat' dir='ltr'>Asiatico</span> <span class='ocrx_word' id='word_1_257' title='bbox 796 2854 824 2904; x_wconf 90' lang='lat' dir='ltr'>et</span> <span class='ocrx_word' id='word_1_258' title='bbox 838 2847 917 2921; x_wconf 81' lang='lat' dir='ltr'>regio</span> 
     </span>
     <span class='ocr_line' id='line_1_36' title="bbox 79 2923 916 3003; baseline 0 -22"><span class='ocrx_word' id='word_1_259' title='bbox 79 2944 137 2981; x_wconf 89' lang='lat' dir='ltr'>non</span> <span class='ocrx_word' id='word_1_260' title='bbox 152 2925 244 2983; x_wconf 86' lang='lat' dir='ltr'>solum</span> <span class='ocrx_word' id='word_1_261' title='bbox 259 2926 389 2983; x_wconf 87' lang='lat' dir='ltr'>militaris</span> <span class='ocrx_word' id='word_1_262' title='bbox 407 2923 455 2982; x_wconf 88' lang='lat' dir='ltr'>illa</span> <span class='ocrx_word' id='word_1_263' title='bbox 469 2927 566 2997; x_wconf 82' lang='lat' dir='ltr'>virtus,</span> <span class='ocrx_word' id='word_1_264' title='bbox 580 2928 708 3003; x_wconf 83' lang='lat' dir='ltr'>quaeest</span> <span class='ocrx_word' id='word_1_265' title='bbox 723 2926 752 2981; x_wconf 92' lang='lat' dir='ltr'>in</span> <span class='ocrx_word' id='word_1_266' title='bbox 767 2926 819 2983; x_wconf 83' lang='lat' dir='ltr'>Cn.</span> <span class='ocrx_word' id='word_1_267' title='bbox 832 2926 916 2982; x_wconf 89' lang='lat' dir='ltr'>Pom-</span> 
     </span>
     <span class='ocr_line' id='line_1_37' title="bbox 78 3005 916 3083; baseline 0 -22"><span class='ocrx_word' id='word_1_268' title='bbox 78 3005 143 3082; x_wconf 91' lang='lat' dir='ltr'>peio</span> <span class='ocrx_word' id='word_1_269' title='bbox 159 3006 315 3082; x_wconf 80' lang='lat' dir='ltr'>singularis,</span> <span class='ocrx_word' id='word_1_270' title='bbox 329 3007 378 3063; x_wconf 89' lang='lat' dir='ltr'>sed</span> <span class='ocrx_word' id='word_1_271' title='bbox 393 3006 463 3062; x_wconf 82' lang='lat' dir='ltr'>aliae</span> <span class='ocrx_word' id='word_1_272' title='bbox 479 3026 591 3083; x_wconf 91' lang='lat' dir='ltr'>quoque</span> <span class='ocrx_word' id='word_1_273' title='bbox 605 3006 724 3062; x_wconf 89' lang='lat' dir='ltr'>virtutes</span> <span class='ocrx_word' id='word_1_274' title='bbox 738 3006 827 3062; x_wconf 88' lang='lat' dir='ltr'>animi</span> <span class='ocrx_word' id='word_1_275' title='bbox 841 3024 916 3080; x_wconf 79' lang='lat' dir='ltr'>mag-</span> 
     </span>
     <span class='ocr_line' id='line_1_38' title="bbox 78 3085 918 3162; baseline -0.006 -20"><span class='ocrx_word' id='word_1_276' title='bbox 78 3105 131 3142; x_wconf 86' lang='lat' dir='ltr'>nac</span> <span class='ocrx_word' id='word_1_277' title='bbox 146 3093 175 3142; x_wconf 89' lang='lat' dir='ltr'>et</span> <span class='ocrx_word' id='word_1_278' title='bbox 189 3085 295 3143; x_wconf 83' lang='lat' dir='ltr'>multae</span> <span class='ocrx_word' id='word_1_279' title='bbox 310 3087 499 3162; x_wconf 90' lang='lat' dir='ltr'>requiruntur.</span> <span class='ocrx_word' id='word_1_280' title='bbox 541 3085 665 3142; x_wconf 89' lang='lat' dir='ltr'>Difficile</span> <span class='ocrx_word' id='word_1_281' title='bbox 680 3086 770 3142; x_wconf 87' lang='lat' dir='ltr'>estin</span> <span class='ocrx_word' id='word_1_282' title='bbox 785 3085 918 3152; x_wconf 48' lang='lat' dir='ltr'>Asia&amp;-</span> 
     </span>
     <span class='ocr_line' id='line_1_39' title="bbox 75 3161 947 3246; baseline -0.025 -25"><span class='ocrx_word' id='word_1_283' title='bbox 75 3165 147 3236; x_wconf 83' lang='lat' dir='ltr'>lioia,</span> <span class='ocrx_word' id='word_1_284' title='bbox 165 3166 250 3244; x_wconf 69' lang='lat' dir='ltr'>Syria</span> <span class='ocrx_word' id='word_1_285' title='bbox 270 3167 427 3246; x_wconf 72' lang='lat' dir='ltr'>regnisque</span> <span class='ocrx_word' id='word_1_286' title='bbox 446 3167 628 3225; x_wconf 77' lang='lat' dir='ltr'>interiorum</span> <span class='ocrx_word' id='word_1_287' title='bbox 642 3165 809 3220; x_wconf 63' lang='lat' dir='ltr'>nationum</span> <span class='ocrx_word' id='word_1_288' title='bbox 818 3161 875 3208; x_wconf 61' lang='lat' dir='ltr'>&#39;nee</span> <span class='ocrx_word' id='word_1_289' title='bbox 882 3171 947 3202; x_wconf 60' lang='lat' dir='ltr'>m-</span> 
     </span>
    </p>
   </div>
   <div class='ocr_carea' id='block_1_3' title="bbox 0 0 998 3480">
    <p class='ocr_par' dir='ltr' id='par_1_5' title="bbox 0 0 998 3480">
     <span class='ocr_line' id='line_1_40' title="bbox 0 0 998 3480; baseline 0 0"><span class='ocrx_word' id='word_1_290' title='bbox 0 0 998 3480; x_wconf 95' lang='lat' dir='ltr'> </span> 
     </span>
    </p>
   </div>
  </div>
 </body>
</html>
