1988 3480
347 119 426 168 CAP.
444 117 599 178 VL-VIIL,
616 114 730 176 §14-19.
916 120 964 168 125

124 221 267 279 delectant
283 220 371 290 domi,
384 239 443 276 non
459 219 622 295 impediunt
638 219 717 291 foris,
729 225 899 296 pernoctant
915 239 963 278 no

123 301 242 370 hiscum,
255 299 479 376 peregrinantur,
491 299 669 356 rusticantur.

167 382 211 438 17.
228 379 313 448 Quod
324 380 348 436 si
362 379 418 455 ipsi
432 378 501 435 haee
516 398 608 455 neque
622 379 761 456 attingere
772 399 865 456 neque
880 399 964 438 sensu

123 467 222 517 nostro
243 467 357 536 gustare
377 477 534 535 possemus,
553 466 649 515 tamen
674 478 707 516 ea
730 459 827 516 mirari
851 459 965 518 debere-

124 559 195 611 mus,
212 541 298 597 etiam
313 558 378 596 cum
393 539 423 594 in
440 537 503 594 aliis
517 537 685 595 videremus.
728 538 810 596 VIII.
828 538 898 607 Quis
915 559 965 596 no-

124 627 215 677 strum
242 627 302 676 tam
327 619 423 676 animo
445 617 550 694 agresti
571 637 603 674 ac
628 618 700 674 duro
724 618 790 688 fuit,
808 625 841 675 ut
865 618 962 680 Roscii

123 706 216 756 morte
232 719 324 776 nuper
340 718 399 756 non
416 698 661 755 commoveretur?
684 698 732 773 qui
750 716 815 755 cum
834 705 907 755 esset
924 719 964 756 se·

123 798 178 836 nex
199 786 337 850 mortuus,
353 785 449 835 tamen
470 783 589 854 propter
610 777 795 834 excellentem
815 784 906 834 artem
930 797 963 835 ac

124 865 302 915 venustatem
326 857 475 915 videbatur
499 857 618 914 omnino
640 857 715 913 mori
739 876 797 912 non
822 856 962 915 debuisse.

123 937 200 1014 Ergo
221 938 269 995 ille
289 938 416 1015 corporis
438 943 520 994 motu
541 944 655 995 tantum
676 936 879 993 amorem-sibi
898 956 964 994 con·

123 1018 258 1075 ciliarata
272 1018 355 1075 nobis
370 1017 519 1074 omnibus:
542 1037 594 1073 nos
609 1017 770 1074 animorum
782 1015 964 1074 incredibiles

123 1105 218 1155 motus
233 1098 462 1174 celeritatemque
476 1097 658 1174 ingeniorum
675 1097 872 1173 negligemus?
895 1103 960 1155 ·18.

122 1176 261 1245 Quotiens
276 1197 330 1255 ego
343 1178 421 1235 hunc
431 1176 568 1234 Archiam
579 1177 648 1247 vidi,
658 1177 871 1234 iudices-utar
884 1177 962 1233 enim

59 1259 64 1266 “
121 1265 214 1314 vestra
229 1257 415 1334 benignitate,
428 1257 564 1333 quoniam
580 1276 627 1313 me
644 1257 674 1312 in
691 1257 746 1313 hoc
763 1275 838 1312 novo
859 1275 962 1331 genere

122 1336 236 1393 dicendi
264 1344 325 1394 tam
356 1336 508 1412 diligenter
537 1335 877 1411 attenditis-quotiens
907 1354 961 1411 ego

121 1415 199 1472 huno
213 1416 281 1486 vidi,
298 1435 364 1473 cum
380 1416 504 1472 litteram
522 1415 679 1491 scripsisset
696 1414 811 1485 nullam,
824 1433 961 1490 magnum

122 1514 273 1551 numerum
301 1495 477 1571 optimorum
501 1514 633 1551 versuum
658 1494 694 1551 de
718 1495 753 1551 iis
778 1495 847 1570 ipsis
867 1493 960 1564 rebus,

123 1581 278 1650 quactum
303 1581 461 1650 agerentur,
477 1574 570 1630 dicere
595 1593 629 1630 ex
654 1575 799 1650 tempore!
829 1573 962 1650 quotiens

122 1661 285 1710 revocatum
311 1654 440 1710 eamdem
461 1673 521 1710 rem
550 1654 642 1710 dicere
666 1653 849 1711 commutatis
868 1653 962 1710 verbis

122 1740 207 1809 atque
230 1733 394 1790 sententiis!
437 1732 515 1801 Quae
536 1752 603 1790 vero
629 1741 758 1790 accurate
780 1733 961 1810 cogitateque

122 1814 287 1890 scripsisset,
300 1833 333 1870 ea
354 1813 393 1870 sic
413 1813 473 1870 vidi
492 1813 614 1890 probari,
627 1820 659 1870 ut
678 1813 714 1870 ad
731 1820 859 1870 veterum
876 1814 962 1891 scrip-

121 1900 216 1950 torum
234 1893 347 1951 laudem
364 1893 531 1969 perveniret.
574 1893 661 1950 Hunc
682 1912 736 1969 ego
755 1912 813 1950 non
832 1894 959 1975 diligam,

121 1992 180 2030 non
201 1973 331 2044 admirer,
350 1992 408 2029 non
432 1972 512 2030 omni
536 1973 647 2030 ratione
671 1973 885 2032 defendendum
910 1994 962 2051 pu-

120 2060 180 2109 tem
191 2054 205 2110 l
234 2052 333 2129 Atque
348 2053 387 2109 sic
404 2072 421 2109 a
438 2053 557 2109 summis
571 2052 736 2110 hominibus
750 2053 961 2111 eruditissimis

122 2152 176 2209 que
197 2133 365 2209 accepimus,
382 2139 539 2190 ceterarum
558 2152 651 2189 rerum
673 2133 768 2190 studia
785 2139 813 2190 et
830 2133 962 2191 doctrina

121 2218 150 2269 et
170 2213 329 2288 praeceptis
353 2219 382 2269 et
403 2219 462 2269 arte
483 2219 620 2282 constare,
638 2219 756 2289 poetam
776 2219 878 2270 natura
898 2214 961 2290 ipsa

121 2291 212 2348 valere
227 2299 256 2349 et
269 2293 374 2349 mentis
388 2292 495 2348 viribus
510 2292 626 2349 excitari
641 2300 669 2349 et
684 2293 764 2369 quasi
778 2293 877 2349 divino
892 2312 961 2369 quo-

122 2370 188 2426 dam
206 2371 307 2447 spiritu
324 2371 424 2428 inflari.
464 2370 573 2439 Quare
591 2391 641 2428 suo
656 2372 717 2428 iure
733 2379 830 2429 noster
844 2372 891 2430 ille
904 2373 961 2430 En-

121 2450 186 2506 nius
203 2457 316 2507 sanotos
332 2451 455 2527 appellat
469 2458 578 2527 poetas,
592 2451 670 2527 quod
685 2451 765 2527 quasi
780 2451 899 2508 deorum
913 2453 961 2509 ali-

123 2548 179 2605 quo
197 2529 274 2585 dono
290 2537 376 2606 atque
397 2550 513 2588 munere
531 2530 724 2588 commendati
744 2529 828 2586 nobis
845 2550 904 2588 esse
921 2532 961 2588 vi·

122 2609 249 2666 deantur.
294 2615 338 2667 19.
355 2610 400 2667 Sit
416 2610 512 2685 igitur,
524 2611 640 2681 iudices
657 2621 786 2667 sanctum
807 2610 884 2686 apud
901 2630 959 2681 ros,

66 2711 69 2718 ·
122 2688 343 2745 humanissimos
370 2689 510 2760 homines,
530 2689 585 2746 hoc
615 2697 719 2766 poetae
749 2708 863 2759 nomen,
882 2691 961 2766 quod

122 2768 199 2824 nulla
213 2787 349 2845 umquam
363 2768 493 2826 barbaria
505 2769 628 2826 violavit.
662 2768 736 2826 Saxa
750 2776 778 2827 et
793 2769 961 2826 solitudines

122 2848 186 2904 voci
207 2849 387 2924 respondent,
403 2848 510 2906 bestiae
531 2869 613 2926 saepe
634 2850 773 2906 immanes
794 2856 879 2907 cantu
897 2849 962 2906 flec-

121 2935 222 2984 tuntur
236 2935 321 3003 atque
338 2929 513 3002 consistunt:
536 2948 589 2985 nos
603 2929 728 2986 instituti
745 2929 829 2986 rebus
843 2929 960 3005 optimis

122 3027 180 3064 non
205 3014 357 3083 poetarum
379 3027 447 3065 voce
471 3010 653 3066 moveamur?
694 3009 855 3066 Homerum
877 3009 961 3065 Colo-

121 3087 223 3164 phonii
251 3087 342 3144 civem
367 3107 427 3144 esse
448 3088 547 3145 dicunt
569 3108 660 3158 suum,
679 3087 745 3144 Chii
766 3108 853 3144 suum
870 3088 966 3141 uindi-

122 3174 195 3240 cant,
210 3166 362 3227 Salaminii
380 3173 530 3248 repetunt,
539 3167 704 3246 quruac'i
719 3183 796 3221 uero
814 3177 912 3216 suem
962 3174 994 3195 22
