1988 3480
161 110 163 116 ’
271 128 349 179 cue.
366 126 775 190 mun-mu.‚§e1-sa
878 119 880 123 ’
898 129 947 180 irs

16 264 19 268 Δ
109 247 223 288 omnem
234 228 434 287 auctoritatem
443 227 590 287 Clodianis
600 229 687 287 armis
697 228 948 301 abieceruntmihi

106 329 244 387 umquam
261 309 403 366 bonorum
420 309 594 387 praesidium
616 308 782 366 defuturum
799 310 948 386 putareml

106 410 162 467 ego
179 409 245 446 cum
261 387 445 446 te-mecum
463 389 539 445 euim
554 388 718 465 saepissime
732 388 948 465 loquitur-pa-

107 471 178 527 triae
186 468 382 538 reddidissem,
390 467 462 524 mihi
470 474 601 544 putarem
610 469 641 524 in
649 468 742 544 patria
750 487 807 525 nou
817 469 947 525 futurum

108 551 222 606 locuml
263 547 324 606 Ubi
338 567 414 604 nunc
431 554 545 604 senatus
562 555 613 619 est,
623 566 709 624 quem
726 548 816 604 secuti
833 548 948 607 sumusl

108 629 159 686 ubi
179 629 289 705 equites
310 627 433 684 Romani
454 626 504 696 illi,
520 626 569 697 illi,
585 627 686 704 inquit,
701 627 763 684 tuit
783 626 837 692 ubi,
854 626 949 686 studia

108 708 351 785 municipiorum?
375 706 425 764 ubi
444 705 543 764 Italiae
564 707 665 764 vocesl
690 705 740 763 ubi
759 706 882 783 denique
899 713 949 767 tua

88 789 164 859 illa,
184 788 222 844 M.
234 787 318 858 Tulli,
332 806 403 864 quae
423 787 555 864 plurimis
575 786 633 843 fuit
654 785 769 857 auxilio,
785 805 840 842 vox
863 792 949 863 atque

108 869 258 925 defensio?
274 867 384 925 mihine
398 886 432 925 ea
445 866 506 936 soli,
517 867 566 944 qui
578 873 670 943 prote
684 865 791 923 totiens
804 865 891 923 morti
902 884 949 923 me

109 947 210 1017 obtuli,
220 947 292 1004 nihil
306 954 403 1025 potest
417 946 568 1024 opitulari?

150 1027 278 1085 XXXV.
312 1033 358 1084 95.
375 1027 434 1084 Nec
449 1045 516 1084 vero
530 1025 608 1096 baec,
620 1025 737 1097 iudices,
748 1033 781 1083 ut
794 1044 848 1102 ego
863 1045 948 1098 nunc,

108 1107 188 1177 fiens,
199 1107 249 1164 sed
262 1107 318 1165 hoc
332 1107 433 1164 codem
447 1106 575 1184 loquitur
585 1105 666 1163 vultu
681 1124 738 1183 quo
749 1105 860 1164 videtis.
894 1105 950 1162 Ne-

45 1189 47 1193 ’
108 1195 159 1264 gat
173 1189 250 1245 euim
267 1207 305 1258 se,
315 1193 401 1264 negat
414 1187 535 1263 ingratis
551 1186 661 1244 civibus
674 1185 776 1243 fecisse
790 1204 863 1262 quae
876 1185 950 1252 fece

109 1268 155 1337 rit,
165 1267 275 1324 timidis
292 1274 321 1324 et
335 1267 432 1323 omnia
445 1264 739 1342 circumspicientibus
752 1264 877 1341 pericula
890 1284 949 1322 non

109 1354 203 1423 negat.
243 1346 361 1403 Plebem
383 1351 412 1402 et
429 1345 559 1402 infimam
581 1345 806 1414 multitudinem,
822 1343 894 1421 quae
914 1344 961 1407 P„

109 1425 214 1483 Clodio
229 1426 301 1482 duce
315 1426 440 1482 fortunis
453 1425 554 1482 vestris
567 1423 744 1495 imminebat,
755 1443 827 1495 eam,
836 1442 893 1501 quo
907 1430 951 1481 tu-

108 1505 168 1562 tior
184 1512 258 1562 esset
274 1512 366 1561 vestra
382 1505 449 1575 vita,
462 1523 491 1561 se
507 1505 609 1562 fecisse
625 1511 831 1562 commemorat
844 1510 878 1561 ut
891 1522 950 1561 nou

111 1584 198 1641 modo
220 1585 325 1641 virtute
345 1583 479 1654 flecteret,
492 1584 542 1641 sed
564 1584 651 1641 ctiam
672 1583 764 1641 tribus
786 1583 844 1641 suis
864 1584 951 1662 patri·

111 1664 217 1720 moniis
238 1663 377 1734 deliniret,
390 1682 442 1720 nec
458 1664 543 1721 timet
559 1683 603 1734 ue,
615 1682 681 1720 cum
698 1663 812 1741 plebem
828 1664 951 1722 muneri·

111 1743 164 1800 bus
178 1743 304 1820 placarit,
316 1762 367 1800 vos
380 1761 439 1800 non
454 1743 611 1800 conciliarit
621 1744 730 1801 meritis
740 1745 771 1801 in
785 1763 845 1803 rem
859 1744 951 1822 publi-

110 1842 174 1880 cam
197 1822 394 1900 singularibus.
422 1821 558 1880 Senatus
579 1842 646 1900 erga
669 1843 699 1881 se
721 1821 950 1883 benevolentiam

110 1902 288 1980 temporibus
309 1902 354 1960 his
374 1903 444 1979 ipsis
465 1921 548 1980 saepe
564 1922 625 1960 esse
642 1911 829 1981 perspectam,
844 1910 951 1962 vestras

110 2003 176 2041 voro
191 1990 221 2040 et
234 1990 393 2040 vestrorum
407 1983 541 2040 ordinum
555 1984 772 2055 occursationes,
783 1984 886 2055 studia,
896 2002 951 2042 ser-

110 2083 218 2133 mones,
235 2082 444 2140 quemcumque
464 2082 579 2123 cursum
595 2064 713 2121 fortuna
728 2063 848 2135 dederit,
864 2083 893 2122 se
910 2083 951 2121 se·

108 2163 175 2200 cum
193 2143 354 2200 ablaturum
372 2162 432 2201 esse
449 2143 527 2201 dicit.
570 2149 616 2201 96.
633 2143 767 2202 Meminit
786 2145 874 2202 etiam
895 2143 950 2201 sibi

80 2290 84 2296 ,
110 2242 209 2279 vocem
224 2223 373 2298 praeconis
388 2223 477 2280 modo
494 2223 627 2294 defuisse,
640 2242 727 2301 quam
743 2224 863 2282 minime
880 2223 951 2281 desi·

109 2301 224 2371 derarit,
240 2302 340 2379 populi
364 2322 431 2359 vero
456 2303 566 2360 cunctis
590 2303 742 2380 suffragiis,
757 2303 836 2380 quod
860 2322 950 2360 uuum

110 2381 240 2457 cupierit,
256 2400 285 2438 se
306 2382 451 2439 consulem
470 2381 661 2440 declaratum:
682 2401 759 2440 nune
779 2382 950 2460 denique‚si

111 2459 180 2517 haec
195 2467 294 2518 contra
308 2480 337 2519 se
352 2461 409 2519 siut
419 2461 524 2533 futura,
537 2462 592 2519 sibi
602 2462 739 2519 facinoris
753 2462 949 2539 suspitionem,

111 2558 170 2596 non
190 2541 261 2597 facti
281 2541 388 2598 crimen
410 2541 530 2600 obstare.
573 2541 669 2599 Addit
689 2540 767 2611 haec,
783 2560 855 2618 quae
876 2547 950 2599 certe

111 2639 177 2676 vera
193 2626 267 2691 sunt,
279 2621 369 2678 fortes
385 2628 415 2678 et
429 2622 570 2699 sapientes
584 2622 660 2678 viros
676 2627 809 2678 nontam
825 2620 951 2698 praemia

110 2699 191 2775 sequi
213 2698 301 2757 solere
318 2708 393 2759 reete
414 2702 558 2758 factomm
575 2720 665 2778 quam.
677 2701 740 2777 ipsa
760 2709 836 2758 recte
856 2701 949 2758 facta:

110 2797 141 2834 so
158 2779 228 2834 nihil
246 2778 276 2835 in
290 2781 350 2838 vita
366 2781 421 2837 nisi
437 2780 659 2857 praeclarissime
673 2781 783 2851 fecisse,
794 2780 819 2837 si
834 2781 950 2857 quidem

110 2857 182 2913 nihil
204 2859 241 2915 sit
262 2860 460 2936 praestabilius
481 2861 542 2917 viro
565 2879 651 2937 quam
673 2860 806 2938 perieulis
828 2860 950 2937 patriam

110 2936 243 2996 liberare:
265 2939 364 2997 beatos
383 2959 451 3011 esse,
468 2940 572 3017 quibus
591 2959 626 2997 ca
645 2959 690 2997 res
709 2939 813 2998 honori
830 2940 917 2996 fuerit
934 2956 951 2995 a

108 3017 169 3074 suis
183 3018 300 3089 civibus,
313 3019 349 3076 97
353 3062 359 3076 .
372 3039 423 3076 neo
437 3027 534 3077 tamen
548 3039 597 3077 eos
610 3020 737 3090 miseros,
748 3020 799 3096 qui
811 3017 950 3076 beneficio

109 3097 186 3155 cives
200 3117 267 3155 suos
281 3099 416 3156 vicerint:
438 3099 490 3158 sed
502 3106 603 3157 tamen
618 3118 658 3156 es
671 3099 816 3156 omn'lnus
822 3095 975 3172 pusaQ

110 3177 229 3250 virtutis,
242 3178 267 3236 si
282 3184 359 3238 esset
370 3177 514 3240 habenda
523 3179 604 3238 ratio
615 3162 982 3256 praemisissem&
