1988 3480
98 96 130 144 sa
298 94 366 145 ruo
383 95 412 143 u.
426 94 579 163 aruinum
596 92 740 145 enarro.

100 198 163 261 loci,
174 196 326 253 multarum
338 196 503 253 deliciarum
515 216 612 253 eomes
624 202 668 253 est
678 202 811 253 extrema
822 196 939 257 sraltatic

98 276 143 334 Tu
161 277 231 333 rulhl
249 277 356 353 rulrlpis
374 277 411 341 hl,
424 276 503 353 quod
520 294 632 333 neeesse
648 282 693 333 est
708 276 850 335 omnium
868 278 943 337 vitio

99 376 162 413 mm
182 377 242 412 esse
260 368 452 431 postrenmm:
475 356 612 433 relinquis
628 354 683 425 illa,
696 354 805 433 quibus
825 358 949 415 remotis

99 436 154 491 hoe
169 436 269 492 vilium
287 437 405 492 muniuo
427 457 486 491 ense
503 455 560 492 non
578 444 681 513 potest.
717 434 843 493 Nullum
864 444 951 516 turpe

99 516 271 579 eonririum,
280 534 336 571 non
347 534 434 577 rrrnor,
445 534 502 571 nou
514 515 692 578 eornessutio,
702 532 761 571 non
770 514 879 587 libido,
889 536 947 575 non

99 605 230 673 surnptus
245 596 413 657 ostenditur.
426 604 452 651 et
468 613 533 651 eum
551 614 584 651 ea
597 614 655 651 non
669 594 861 671 reperiantur,
874 616 948 675 quac

100 676 255 751 voluptatis
269 694 373 731 uonren
389 674 503 742 hahent,
516 693 689 751 ‹pramquam
704 674 810 731 vitiosa
823 684 905 749 suut,
916 677 946 734 iu

99 775 156 829 quo
173 756 261 831 ipsam
279 755 416 811 luxurium
433 755 554 831 reperire
568 773 626 810 non
638 760 729 830 potes,
740 753 771 810 in
786 773 824 811 eo
837 762 870 813 te
884 776 947 813 um·

100 833 178 890 hrum
197 833 323 891 lemniae
340 842 517 911 reperturum
538 835 641 910 puteal
683 839 729 891 14.
747 831 831 891 Nihil
854 836 947 913 igitur

100 913 127 967 in
147 914 233 969 vitam
254 914 282 970 L.
295 914 429 971 Murenae
446 914 503 971 dici
520 921 624 990 potest,
639 912 720 983 nihil,
735 912 867 990 inquam,
883 934 964 973 om·-

100 992 176 1049 niuo.
219 992 330 1049 ludieio
349 995 389 1049 sie.
408 1014 425 1050 a
443 1012 490 1049 me
509 993 607 1050 consul
627 993 792 1069 designatus
811 992 945 1053 defendi-

99 1079 154 1135 tur,
167 1080 199 1128 ut
216 1073 276 1129 eius
293 1074 370 1130 nulla
386 1074 472 1139 fraus,
485 1073 563 1130 rmlla
579 1073 703 1143 ai'uritia,
715 1071 794 1129 nulla
809 1073 944 1151 perfidia,

100 1152 177 1208 nulla
190 1152 349 1215 erudelitas,
362 1153 471 1210 nullum
486 1153 617 1229 petulans
634 1152 743 1209 dictum
757 1153 788 1209 in
802 1160 865 1211 vita
877 1173 945 1231 pro·

99 1232 214 1289 feratur.
253 1232 329 1290 Bene
344 1233 445 1290 hahet:
468 1234 542 1290 iacta
558 1242 625 1291 sunt
639 1232 829 1290 fundamenta
842 1233 944 1293 defen-

99 1313 194 1370 sionis.
237 1312 265 1369 N
268 1313 375 1369 endum
393 1314 469 1369 enim
487 1313 592 1369 nostris
606 1312 745 1383 laudibus,
756 1310 864 1390 quibus
875 1321 944 1372 utar

98 1401 207 1469 postea,
220 1393 269 1449 sed
286 1412 375 1470 prope
390 1392 571 1449 inimieorum
588 1392 767 1449 confessione
781 1393 877 1451 virum
891 1393 943 1451 bo-

99 1492 168 1529 num
189 1481 275 1549 atquc
298 1473 440 1547 integmm
463 1471 611 1529 hominem
635 1472 825 1531 defendimus
869 1472 941 1532 VIL

99 1552 163 1620 Quo
178 1552 335 1610 constituto
350 1552 462 1609 facilior
476 1559 518 1609 cst
533 1552 604 1608 mihi
619 1552 714 1609 aditus
728 1552 765 1609 ad
778 1554 943 1612 contentio·

98 1652 164 1690 nem
180 1633 337 1709 dignitatis,
351 1652 422 1709 quac
436 1651 501 1709 pars
515 1632 602 1688 altera
615 1632 673 1688 fuit
687 1632 884 1691 accusationis.

141 1719 184 1770 15.
201 1714 348 1770 Summam
367 1712 450 1769 rideo
471 1731 531 1769 esso
548 1712 577 1768 in
594 1719 631 1782 tc,
647 1711 705 1768 Ser.
716 1710 833 1787 Sulpici,
846 1711 942 1791 digni·

98 1798 186 1849 tatem
208 1792 327 1868 generis,
343 1792 524 1867 integritatis,
541 1792 698 1849 industriae
722 1798 941 1871 ceterorumque

98 1878 329 1927 ornamentorum
341 1872 478 1942 omnium,
492 1871 595 1949 quibus
608 1871 715 1929 fretum
726 1870 764 1927 ad
773 1870 942 1931 consulatus

97 1951 267 2026 petitionem
281 1951 397 2027 adgredi
412 1970 464 2028 par
478 1960 527 2010 est.
564 1952 648 2009 Paria
658 1970 800 2027 cognosco
811 1969 873 2009 esse
882 1952 941 2011 ista

97 2031 127 2086 in
143 2029 173 2086 L.
185 2030 303 2087 Murena
316 2038 402 2108 atque
417 2032 457 2089 ita
470 2033 601 2110 pariant
614 2051 706 2109 neque
720 2032 781 2108 ipse
795 2030 940 2107 dignitato

97 2130 114 2165 α
129 2118 152 2166 lo
163 2110 237 2166 rinei
249 2112 376 2187 potuerit
386 2132 478 2190 neque
489 2120 518 2170 te
529 2112 670 2189 dignitate
681 2110 827 2188 superarit
859 2110 940 2169 Con·

97 2191 239 2266 tempsisti
258 2191 288 2249 L.
300 2192 434 2251 Murenae
458 2212 564 2269 genus:
590 2192 716 2250 extulisti
737 2198 828 2248 tuum.
870 2188 939 2259 Quo

98 2269 160 2327 loco
175 2271 199 2326 si
213 2271 266 2329 tibi
280 2272 335 2330 hoc
350 2276 446 2341 sumis,
456 2275 511 2330 nisi
526 2273 575 2348 qui
589 2272 725 2348 patricius
736 2271 781 2341 sit,
790 2269 939 2329 neminem

97 2349 174 2407 hono
197 2371 256 2409 esse
278 2372 380 2429 genere
404 2361 513 2421 natum,
528 2352 600 2407 facis
621 2358 654 2407 ut
674 2370 769 2408 rursus
787 2349 884 2426 plebes
905 2350 937 2409 in

97 2430 272 2488 Aventinum
286 2433 445 2490 sevocanda
455 2450 515 2488 esso
526 2430 663 2487 rideatur.
696 2430 746 2487 Sin
758 2437 854 2486 autem
868 2436 938 2487 sunt

97 2512 208 2587 amplae
229 2519 258 2568 et
275 2511 411 2570 honestae
427 2510 554 2567 familiae
570 2510 705 2586 plebeiae,
718 2518 747 2567 ct
763 2527 887 2585 proavus
902 2506 935 2567 L.

98 2589 231 2648 Murenae
253 2599 282 2649 et
298 2612 366 2649 avus
382 2598 497 2668 praetor
513 2589 570 2646 fuit
589 2598 618 2646 ct
634 2598 722 2666 pater,
735 2608 801 2645 cum
822 2586 935 2664 amplis

97 2668 168 2725 sime
189 2678 274 2747 atquc
294 2670 494 2729 honestissimo
516 2688 550 2725 ex
570 2677 702 2744 praet-ura
722 2667 936 2744 triumphasset,

97 2746 152 2803 hoc
172 2749 328 2807 faciliorem
350 2751 417 2807 huic
437 2748 558 2825 gradum
579 2749 741 2806 consulatus
758 2746 934 2824 adipiscendi

97 2827 219 2904 reliquit,
232 2830 310 2906 quod
325 2831 351 2886 is
367 2830 423 2886 iam
440 2828 516 2906 patri
535 2827 648 2885 debitus
667 2828 758 2884 afilio
775 2826 932 2905 petebatur.

99 2912 144 2964 16.
165 2908 227 2965 Tua
247 2927 313 2965 rero
334 2909 477 2977 nobilitas,
490 2906 548 2964 Ser.
559 2907 675 2984 Sulpici,
688 2909 801 2965 tametsi
823 2926 934 2966 summu

98 2992 148 3054 est,
159 2994 254 3045 tamen
265 2988 431 3045 hominibus
441 2987 573 3044 litteratis
584 2995 612 3044 et
622 2987 765 3043 historicis
776 2996 818 3044 est
828 2987 934 3058 notior,

97 3064 205 3139 populo
214 3087 279 3124 vcro
291 3074 320 3124 ct
329 3065 562 3144 suffragatoribus
573 3067 725 3125 obscurior.
761 3066 847 3124 Pater
857 3067 935 3124 enim

98 3141 156 3198 fuit
166 3146 289 3219 equestri
300 3146 380 3204 loco:
399 3166 467 3205 arus
477 3145 555 3205 nulla
565 3147 666 3206 illustri
675 3146 758 3205 laude
769 3146 934 3205 celebratus.
