1988 3480
296 128 374 178 carr.
392 128 515 190 rx.-x1.‚
532 127 650 187 §ar-ar.
775 119 777 124 ’
849 130 893 178 rer

58 230 106 307 qui
124 247 231 300 omnes,
244 227 348 305 quibus
364 228 453 285 iratus
469 235 550 300 esset,
563 228 679 286 eosdem
694 230 780 286 etiam
795 229 894 287 exsilio

58 317 106 367 aut
123 315 216 366 morte
236 308 341 384 dignos
357 307 501 366 iudicaret
543 307 635 365 Arma
655 307 691 365 ab
712 307 774 366 aliis
791 310 894 386 posita,

56 389 92 447 ab
110 389 172 445 aliis
189 396 285 464 erepta
302 396 375 445 sunt.
419 387 551 464 Ingratus
565 395 608 445 est
622 388 801 466 iniustusque
815 390 893 462 civis,

57 469 106 547 qui
123 487 266 525 armorum
283 467 409 544 periculo
426 467 561 524 liberatus
578 468 705 525 animum
720 475 816 526 tamen
831 471 895 528 reti·

58 556 105 606 net
128 555 277 618 armatum,
293 555 325 604 ut
347 547 433 604 ctiam
456 547 503 604 ille
526 546 627 604 melior
649 549 693 620 sit,
711 549 760 626 qui
782 549 812 606 in
836 551 895 608 acie

57 628 168 697 cecidit,
182 628 230 704 qui
247 627 276 683 in
294 647 377 685 causa
395 628 520 684 animam
539 628 678 704 profudit.
722 628 801 697 Quae
818 631 894 686 euim

57 709 212 788 pertinacia
233 707 411 784 quibusdam,
424 708 523 764 eadem
544 706 607 765 aliis
628 710 789 766 constantia
805 709 895 767 videri

57 795 159 866 potest.
204 793 248 844 32.
265 787 322 844 Sed
339 788 396 844 iam
416 788 509 845 omnis
528 788 619 846 fracta
636 789 774 846 dissensio
796 796 839 847 est
855 809 896 846 ar-

57 869 119 939 mis,
136 868 275 925 exstincta
298 868 441 946 aequitate
465 869 597 926 victoris:
626 875 714 926 restat
738 876 771 927 ut
795 888 895 927 omnes

57 967 146 1005 unum
168 949 263 1018 velint,
280 949 328 1025 qui
349 948 438 1006 modo
459 948 566 1007 habent
588 948 697 1026 aliquid
720 969 778 1008 uon
802 949 895 1007 solum

58 1028 220 1104 sapientiae,
237 1028 287 1085 sed
307 1029 394 1086 etiam
419 1029 556 1088 sanitatis
599 1029 663 1087 Nisi
684 1037 721 1101 te,
737 1030 769 1087 Ο.
782 1028 893 1101 Caesar,

57 1108 133 1165 salvo
151 1109 224 1166 etin
243 1108 298 1166 ista
314 1109 532 1186 sententiaque
548 1129 613 1166 cum
631 1117 716 1167 autea
731 1117 793 1166 tum
808 1109 895 1167 hodie

57 1188 100 1245 vel
116 1189 241 1246 maxime
262 1209 329 1246 usus
350 1209 388 1259 es,
400 1197 534 1246 manente
554 1190 623 1246 salvi
642 1209 702 1246 esse
723 1209 781 1245 uon
798 1209 896 1266 possu-

57 1288 128 1325 mus.
167 1268 231 1337 Qua
254 1289 283 1326 re
307 1288 407 1326 omnes
429 1276 466 1339 te,
482 1270 532 1346 qui
553 1268 621 1326 haec
643 1269 720 1325 salva
740 1288 799 1324 esse
819 1269 897 1326 volu-

58 1368 129 1418 mus,
146 1356 174 1405 ct
196 1349 345 1405 hortamur
369 1356 397 1405 et
420 1348 608 1419 obsecramus,
624 1355 656 1405 ut
680 1349 754 1405 vitae
777 1356 843 1405 tuae
867 1355 897 1405 et

58 1428 142 1485 saluti
160 1428 298 1499 consulas,
312 1447 467 1504 omnesque
484 1428 545 1499 tibi,
558 1435 591 1484 ut
604 1448 657 1504 pro
674 1428 738 1485 aliis
754 1428 841 1485 etiam
857 1428 897 1484 lo-

58 1526 129 1584 quar
146 1508 224 1584 quod
242 1507 278 1564 de
299 1527 346 1564 me
366 1508 427 1583 ipse
448 1508 549 1578 sentio,
566 1507 702 1584 quoniam
719 1507 832 1564 subesse
849 1507 897 1564 ali-

60 1586 129 1664 quid
146 1595 230 1664 putas
248 1587 326 1664 quod
343 1587 500 1643 cavendum
522 1588 566 1658 sit,
582 1607 640 1643 non
659 1587 747 1644 modo
765 1587 896 1645 excubias

59 1675 88 1724 et
102 1667 254 1738 custodias,
267 1667 317 1724 sed
331 1667 418 1724 etiam
429 1667 549 1724 laterum
567 1674 730 1724 nostrorum
746 1666 894 1744 oppositus

59 1755 252 1824 etcorporum
268 1747 443 1824 pollicemur.

99 1827 152 1884 XI.
190 1834 235 1884 33.
251 1827 309 1884 Sed
327 1835 367 1897 ut,
384 1827 459 1884 unde
481 1833 524 1884 est
545 1847 615 1898 orsa,
631 1827 661 1884 in
680 1827 781 1884 eodem
802 1829 899 1884 termi-

59 1916 143 1965 netur
160 1908 259 1978 oratio,
271 1907 410 1964 maximas
427 1907 481 1964 tibi
498 1927 597 1964 omues
614 1908 720 1983 gratias
734 1908 853 1984 agimus,
864 1906 896 1964 Ο.

60 1988 170 2058 Cacsar,
181 1989 303 2045 maiores
320 1987 406 2044 etiam
423 1987 568 2044 habemus.
608 1987 683 2044 Nam
703 2007 802 2044 omncs
821 1986 898 2044 idem

60 2069 197 2139 sentiunt,
210 2069 288 2145 quod
305 2087 339 2124 cx
357 2068 486 2124 omnium
504 2068 635 2144 precibus
651 2076 680 2125 et
696 2068 820 2125 lacrimis
839 2087 900 2124 sen-

59 2149 113 2206 tire
133 2149 270 2226 potuisti:
297 2147 347 2204 sed
366 2148 433 2224 quia
455 2167 514 2204 uon
537 2155 580 2204 est
601 2149 734 2205 omnibus
757 2147 899 2205 stantibus

59 2248 172 2286 necesse
197 2229 331 2298 diccrc,a
351 2247 397 2284 me
418 2235 493 2285 certe
517 2227 574 2284 diei
596 2228 703 2299 volunt,
719 2228 765 2284 cui
786 2247 899 2285 necesse

60 2315 104 2365 est
125 2308 250 2384 quodam
270 2307 368 2378 mode,
383 2314 412 2364 et
429 2307 507 2384 quod
525 2307 587 2364 fieri
607 2308 689 2365 decet
710 2308 749 2364 M.
765 2307 899 2364 Marcello

61 2408 78 2444 a
98 2394 126 2444 te
149 2387 215 2444 huic
238 2387 331 2444 ordini
354 2388 520 2465 populoque
540 2386 672 2444 Romano
697 2395 726 2444 et
747 2387 787 2443 rei
808 2387 900 2462 publi-

61 2487 110 2524 cae
131 2467 252 2536 reddito,
268 2467 329 2524 fieri
350 2466 381 2523 id
400 2467 539 2544 intelligo.
582 2467 658 2523 Nam
679 2467 778 2523 laetari
793 2485 900 2544 ⁴omncs

61 2566 120 2603 uon
139 2547 181 2608 dc,
196 2547 279 2604 unius
300 2546 401 2616 solum,
417 2547 466 2604 sed
485 2548 521 2604 de
542 2547 688 2604 communi
710 2546 839 2602 omnium
861 2565 901 2602 sa-

63 2626 121 2683 lute
138 2627 238 2683 sentio.
275 2631 321 2684 34.
337 2626 422 2695 Quod
437 2635 532 2684 autem
547 2645 674 2684 summae
687 2625 901 2683 benevolentiae

62 2713 113 2776 est,
126 2726 197 2782 quac
214 2726 278 2763 mea
294 2726 361 2784 erga
377 2707 458 2764 illum
476 2706 609 2763 omnibus
627 2725 738 2783 semper
752 2712 821 2763 nota
835 2705 900 2776 fuit,

64 2794 95 2843 ut
120 2787 167 2842 vix
188 2786 220 2843 C.
236 2787 379 2857 Marcelle,
398 2787 510 2864 optimo
535 2794 564 2844 et
589 2786 785 2843 amantissimo
810 2785 900 2855 fratri,

63 2874 174 2942 praeter
195 2886 260 2923 eum
286 2867 402 2943 quidem
427 2868 556 2924 cederem
577 2867 695 2936 nemini,
711 2885 777 2924 cum
798 2865 828 2922 id
849 2865 898 2922 sol·

63 2946 220 3015 licitudine,
237 2966 311 3017 cura,
327 2946 423 3004 labore
444 2954 502 3004 tam
518 2947 578 3004 -diu
601 2947 800 3024 praestiterim,
817 2964 902 3022 quam

64 3027 114 3083 diu
136 3033 178 3082 cst
199 3026 235 3082 de
256 3026 332 3082 illius
353 3027 442 3084 salute
467 3027 639 3096 dubitatum,
655 3033 729 3083 certe
753 3026 809 3082 hoc
833 3033 902 3082 tem-

64 3125 133 3182 pore
167 3106 280 3182 magnis
311 3107 393 3177 curis,
419 3107 570 3178 molestiis,
589 3105 747 3163 dulcidius
770 3105 928 3186 &noenum

61 3191 205 3260 praestare
234 3184 336 3245 debeo
382 3187 501 3262 ltaspre,
523 3187 558 3245 l).
574 3186 702 3250 Caesar,
722 3181 773 3234 ew
794 3173 865 3227 ὼ
885 3179 954 3240 W.
