1988 3480
75 115 109 162 58
235 113 272 161 IN
292 113 320 160 1..
337 111 540 160 CATILINAM
557 109 690 159 ORATIO
708 110 758 160 111.

75 214 116 269 ais
124 231 296 286 proprrsaus,
306 219 332 268 ct
345 212 405 267 vide
416 211 488 284 qaid
499 212 557 266 iam
573 211 624 267 titi
638 211 675 266 sit
689 228 799 281 accessa,
810 219 838 267 et
848 230 925 271 cam

76 301 111 347 ut
127 292 254 346 ‹arrriiara
273 292 323 346 titi
340 291 452 346 aurilia
469 291 619 363 odirtnpos,
635 291 721 347 etiam
739 291 925 364 infimorum.

76 372 216 427 (lairinius
238 371 341 427 deinde
362 371 550 437 introductus,
566 391 630 426 eum
653 371 746 446 primo
768 371 925 447 impuden-

77 460 121 507 ter
141 451 310 526 respondere
332 451 479 527 coepisset,
495 451 532 507 ad
552 458 710 507 extrenuun
732 449 804 506 nihil
818 471 854 507 ex
874 451 923 524 iis,

78 551 149 607 quae
163 530 238 587 Garlli
254 530 465 598 insimulabant,
477 531 600 606 negavit.
646 536 690 586 13.
707 530 751 586 Ac
768 530 840 586 mihi
859 532 925 608 qui·

78 611 152 681 dem,
171 609 304 681 Quirites,
323 631 388 667 cum
411 610 460 667 illa
483 610 640 666 certissima
662 610 722 666 visa
746 617 813 667 sunt
836 629 925 687 argu-

78 698 175 748 menta
191 699 276 767 atque
294 691 400 747 iudicia
420 689 541 760 sceleris
557 688 685 759 tabellae,
701 690 790 765 sigua,
806 708 921 762 manus,

77 771 201 847 denique
216 771 299 827 unius
313 771 450 846 cuiusque
464 769 606 826 confessio
620 776 682 825 tum
694 768 787 826 multo
798 769 923 827 certiora

78 850 134 920 illa,
149 850 235 919 color,
251 849 334 920 oculi,
351 849 453 920 vultus,
470 849 655 906 taciturnitas
698 848 746 906 Sic
767 849 844 906 enim
870 849 923 907 ob

77 931 245 1005 stipatorem,
268 929 308 985 sic
329 936 431 986 terram
457 928 649 1000 intuebantur,
668 929 708 985 sic
732 929 833 986 furtim
858 949 920 986 non

78 1028 235 1084 numquam
257 1008 331 1065 iuter
351 1028 381 1066 se
401 1008 585 1086 aspiciebant,
598 1016 630 1065 ut
646 1028 704 1065 non
723 1009 779 1065 iam
797 1008 834 1066 ab
854 1009 921 1066 aliis

78 1089 206 1158 indicari,
219 1088 269 1144 scd
283 1089 407 1146 indicare
422 1108 451 1145 se
465 1089 521 1166 ipsi
535 1088 705 1145 viderentur.

119 1168 170 1226 VI.
190 1168 307 1225 Iudiciis
324 1168 462 1245 expositis
479 1176 564 1245 atque
582 1169 674 1238 editis,
691 1167 824 1240 Quirites,
840 1187 921 1226 sena-

77 1256 140 1306 tum
158 1248 288 1305 consului
304 1248 340 1306 de
358 1268 515 1305 summare
532 1247 647 1325 publica
664 1249 734 1324 quid
750 1247 810 1305 fieri
827 1247 921 1325 plaee-

78 1336 128 1386 ret.
165 1329 267 1385 Dictae
282 1336 349 1385 suut
363 1349 380 1385 a
393 1328 571 1405 principibus
585 1329 737 1385 acerrimae
752 1348 784 1384 ac
798 1327 920 1385 fortissi-

78 1429 141 1465 mae
163 1409 326 1479 sententiae,
340 1428 409 1485 quas
430 1416 544 1464 senatus
565 1408 625 1465 siue
646 1408 703 1464 ulla
719 1408 854 1465 varietate
875 1416 921 1473 est

78 1496 198 1546 secutus
235 1488 273 1545 Et
287 1489 422 1566 quoniam
436 1488 565 1544 noudum
581 1496 623 1545 est
637 1489 826 1565 perscriptum
841 1507 919 1546 sena-

78 1576 125 1626 tus
144 1569 314 1639 consultum,
331 1588 364 1626 ex
381 1568 520 1625 memoria
536 1567 624 1631 vobis,
641 1567 774 1638 Quirites,
792 1569 862 1645 quid
878 1589 920 1627 se-

78 1657 162 1706 natus
176 1650 316 1706 censuerit
330 1668 479 1726 exponam.
518 1653 562 1706 14.
579 1648 709 1705 Primum
724 1648 796 1704 mihi
810 1649 919 1725 gratiae

79 1730 171 1786 verbis
192 1729 375 1805 amplissimis
398 1735 531 1803 aguntur,
555 1728 632 1804 quod
656 1728 770 1799 virt-ute,
788 1729 917 1801 consilio,

79 1810 259 1886 providentia
275 1827 340 1864 mea
355 1807 528 1883 respublica
541 1807 675 1865 maximis
689 1808 822 1884 periculis
835 1808 873 1865 sit
886 1809 919 1866 li·

79 1889 192 1945 berata:
213 1887 317 1943 deinde
329 1887 358 1942 L.
369 1887 484 1943 Flaccus
499 1893 527 1943 et
538 1887 570 1944 Ο.
579 1887 753 1964 Pomptinus
764 1896 917 1965 praetores,

79 1968 157 2045 quod
172 1985 270 2024 eorum
288 1985 374 2041 opera
387 1966 457 2023 forti
471 1965 604 2043 fidelique
619 1987 687 2024 usus
704 1988 802 2040 essem,
814 1967 919 2026 merito

78 2067 111 2104 ae
133 2048 192 2103 iure
213 2045 372 2115 laudantur,
391 2053 476 2122 atque
501 2047 588 2103 etiam
609 2047 671 2104 viro
696 2048 774 2119 forti,
793 2048 919 2125 collegae

78 2146 152 2195 mee,
168 2126 229 2181 laus
253 2125 424 2201 impertitur,
440 2127 516 2202 quod
539 2146 595 2197 eos,
611 2128 661 2204 qui
682 2128 767 2185 huius
792 2129 920 2186 coniura-

78 2206 166 2263 tionis
177 2205 330 2281 participes
344 2205 474 2277 fuissent,
485 2227 502 2263 a
515 2207 573 2263 suis
588 2214 617 2264 et
630 2227 647 2264 a
660 2208 842 2285 reipublicae
853 2228 920 2266 cen-

78 2286 149 2342 siliis
169 2285 343 2342 removisset
385 2285 483 2362 Atque
500 2287 542 2343 ita
562 2295 740 2359 censuemut,
754 2296 786 2345 ut
802 2289 835 2346 P.
849 2287 920 2346 Len-

77 2366 163 2437 tulus,
180 2385 245 2422 cum
262 2384 292 2423 se
308 2373 441 2442 praetura
458 2365 624 2438 abdicasset,
640 2367 670 2424 in
688 2367 847 2425 custodiam
864 2376 920 2426 tra-

79 2447 208 2504 deretur:
230 2445 356 2521 itemque
367 2445 410 2502 uti
425 2445 456 2502 O.
468 2445 621 2523 Cethegus,
634 2447 664 2504 L.
674 2446 812 2519 Statilius,
824 2448 856 2505 P.
864 2447 917 2505 Ga

78 2526 181 2597 binius,
195 2526 244 2602 qui
259 2544 358 2582 omnes
369 2532 531 2602 praesentes
544 2534 632 2597 erant,
645 2527 675 2582 iu
690 2528 850 2584 custodiam
865 2534 917 2584 tra·

78 2605 228 2662 demumr:
245 2613 331 2681 atque
340 2605 417 2662 idem
427 2605 482 2663 hoc
490 2606 635 2663 decretum
646 2614 688 2663 est
699 2607 728 2663 in
738 2606 769 2664 L.
778 2607 918 2676 Cassium,

79 2686 128 2760 qui
150 2685 204 2740 sibi
224 2685 454 2760 procurationem
476 2685 670 2743 incendendae
692 2686 771 2743 urbis
793 2687 920 2763 depopo-

78 2771 176 2827 scerat,
189 2764 218 2819 in
233 2763 270 2819 M.
282 2763 462 2841 Caeparium,
475 2765 521 2821 eui
536 2765 572 2821 ad
586 2765 780 2823 sollicitandos
791 2774 919 2843 pastores

78 2843 235 2919 Appuliam
253 2845 421 2902 attributam
439 2863 498 2900 esse
516 2852 575 2900 crat
592 2845 758 2915 indicatum,
775 2847 803 2903 in
822 2847 854 2903 P.
867 2846 920 2902 Fu·

78 2924 160 2992 rium,
177 2923 226 2999 qui
247 2930 290 2981 est
311 2943 346 2980 ca
367 2925 402 2980 iis
423 2923 539 2992 echinis,
555 2943 627 3000 quos
648 2925 778 2982 Faesulas
798 2925 827 2982 L.
840 2926 920 2982 Sulla

77 3003 205 3074 deduxit,
217 3004 248 3060 in
266 3002 299 3070 Q.
312 3003 442 3059 Annium
460 3002 620 3074 Chilonem,
637 3005 686 3080 qui
708 3024 845 3062 unacum
863 3007 918 3063 hoc

79 3081 164 3138 Furio
182 3102 293 3160 semper
314 3089 374 3138 erat
390 3083 419 3138 in
436 3081 489 3139 hac
506 3082 698 3160 Allobrogum
719 3085 925 3140 sollicitatione

70 3168 201 3232 rcrsatus,
221 3163 252 3220 r'n
273 3162 309 3220 P.
327 3161 521 3239 Umbrenum,
540 3163 716 3224 libort‘mum
734 3161 906 3224 hommem,
921 3176 943 3210 a
