<?xml version="1.0" encoding="UTF-8"?>
<!DOCTYPE html PUBLIC "-//W3C//DTD XHTML 1.0 Transitional//EN"
    "http://www.w3.org/TR/xhtml1/DTD/xhtml1-transitional.dtd">
<html xmlns="http://www.w3.org/1999/xhtml" xml:lang="en" lang="en">
 <head>
  <title>
</title>
<meta http-equiv="Content-Type" content="text/html;charset=utf-8" />
  <meta name='ocr-system' content='tesseract 3.04.00' />
  <meta name='ocr-capabilities' content='ocr_page ocr_carea ocr_par ocr_line ocrx_word'/>
</head>
<body>
  <div class='ocr_page' id='page_1' title='image "./mtulliiciceroni32cicegoog_0126.png"; bbox 0 0 1988 3480; ppageno 0'>
   <div class='ocr_carea' id='block_1_1' title="bbox 239 133 918 197">
    <p class='ocr_par' dir='ltr' id='par_1_1' title="bbox 239 133 918 197">
     <span class='ocr_line' id='line_1_1' title="bbox 239 133 918 197; baseline -0.004 -12"><span class='ocrx_word' id='word_1_1' title='bbox 239 135 317 185; x_wconf 78' lang='lat' dir='ltr'>CAP.</span> <span class='ocrx_word' id='word_1_2' title='bbox 334 134 620 197; x_wconf 57' lang='lat' dir='ltr'>xxxa-xxxvii,</span> <span class='ocrx_word' id='word_1_3' title='bbox 637 133 755 193; x_wconf 70' lang='lat' dir='ltr'>§ta-78.</span> <span class='ocrx_word' id='word_1_4' title='bbox 877 138 918 183; x_wconf 90' lang='lat' dir='ltr'>lll</span> 
     </span>
    </p>
   </div>
   <div class='ocr_carea' id='block_1_2' title="bbox 32 233 930 2924">
    <p class='ocr_par' dir='ltr' id='par_1_2' title="bbox 32 233 930 2843">
     <span class='ocr_line' id='line_1_2' title="bbox 81 233 921 313; baseline -0.004 -19"><span class='ocrx_word' id='word_1_5' title='bbox 81 241 218 294; x_wconf 89' lang='lat' dir='ltr'>terramm</span> <span class='ocrx_word' id='word_1_6' title='bbox 235 236 396 313; x_wconf 86' lang='lat' dir='ltr'>imperium,</span> <span class='ocrx_word' id='word_1_7' title='bbox 411 235 461 292; x_wconf 91' lang='lat' dir='ltr'>ubi</span> <span class='ocrx_word' id='word_1_8' title='bbox 477 234 525 292; x_wconf 92' lang='lat' dir='ltr'>ille</span> <span class='ocrx_word' id='word_1_9' title='bbox 544 241 625 293; x_wconf 89' lang='lat' dir='ltr'>esset.</span> <span class='ocrx_word' id='word_1_10' title='bbox 668 233 764 291; x_wconf 89' lang='lat' dir='ltr'>Huius</span> <span class='ocrx_word' id='word_1_11' title='bbox 780 233 810 290; x_wconf 92' lang='lat' dir='ltr'>in</span> <span class='ocrx_word' id='word_1_12' title='bbox 828 240 921 291; x_wconf 85' lang='lat' dir='ltr'>morte</span> 
     </span>
     <span class='ocr_line' id='line_1_3' title="bbox 81 312 923 392; baseline -0.004 -19"><span class='ocrx_word' id='word_1_13' title='bbox 81 315 248 374; x_wconf 84' lang='lat' dir='ltr'>celebranda</span> <span class='ocrx_word' id='word_1_14' title='bbox 261 316 385 391; x_wconf 76' lang='lat' dir='ltr'>graviter</span> <span class='ocrx_word' id='word_1_15' title='bbox 398 315 465 372; x_wconf 88' lang='lat' dir='ltr'>tulit</span> <span class='ocrx_word' id='word_1_16' title='bbox 475 314 599 392; x_wconf 90' lang='lat' dir='ltr'>populus</span> <span class='ocrx_word' id='word_1_17' title='bbox 614 313 761 384; x_wconf 85' lang='lat' dir='ltr'>Romanus</span> <span class='ocrx_word' id='word_1_18' title='bbox 774 312 848 370; x_wconf 90' lang='lat' dir='ltr'>hane</span> <span class='ocrx_word' id='word_1_19' title='bbox 861 333 923 390; x_wconf 89' lang='lat' dir='ltr'>per·</span> 
     </span>
     <span class='ocr_line' id='line_1_4' title="bbox 81 392 924 472; baseline -0.004 -20"><span class='ocrx_word' id='word_1_20' title='bbox 81 415 190 453; x_wconf 87' lang='lat' dir='ltr'>versam</span> <span class='ocrx_word' id='word_1_21' title='bbox 205 395 374 472; x_wconf 71' lang='lat' dir='ltr'>sapientiam</span> <span class='ocrx_word' id='word_1_22' title='bbox 388 393 554 452; x_wconf 88' lang='lat' dir='ltr'>Tuberonis.</span> <span class='ocrx_word' id='word_1_23' title='bbox 597 393 613 450; x_wconf 79' lang='lat'>7</span> <span class='ocrx_word' id='word_1_24' title='bbox 617 399 642 450; x_wconf 88' lang='lat'>6.</span> <span class='ocrx_word' id='word_1_25' title='bbox 666 393 765 470; x_wconf 89' lang='lat' dir='ltr'>Itaque</span> <span class='ocrx_word' id='word_1_26' title='bbox 779 392 868 449; x_wconf 93' lang='lat' dir='ltr'>homo</span> <span class='ocrx_word' id='word_1_27' title='bbox 882 394 924 449; x_wconf 92' lang='lat' dir='ltr'>in·</span> 
     </span>
     <span class='ocr_line' id='line_1_5' title="bbox 81 472 922 552; baseline -0.005 -20"><span class='ocrx_word' id='word_1_28' title='bbox 81 476 259 552; x_wconf 77' lang='lat' dir='ltr'>tegernmus,</span> <span class='ocrx_word' id='word_1_29' title='bbox 272 475 340 531; x_wconf 90' lang='lat' dir='ltr'>civis</span> <span class='ocrx_word' id='word_1_30' title='bbox 358 475 492 551; x_wconf 89' lang='lat' dir='ltr'>optimus,</span> <span class='ocrx_word' id='word_1_31' title='bbox 505 493 570 530; x_wconf 89' lang='lat' dir='ltr'>cum</span> <span class='ocrx_word' id='word_1_32' title='bbox 588 479 661 530; x_wconf 91' lang='lat' dir='ltr'>esset</span> <span class='ocrx_word' id='word_1_33' title='bbox 675 472 705 530; x_wconf 89' lang='lat' dir='ltr'>L.</span> <span class='ocrx_word' id='word_1_34' title='bbox 717 473 808 529; x_wconf 82' lang='lat' dir='ltr'>Paulli</span> <span class='ocrx_word' id='word_1_35' title='bbox 824 492 922 549; x_wconf 88' lang='lat' dir='ltr'>nepos,</span> 
     </span>
     <span class='ocr_line' id='line_1_6' title="bbox 82 552 924 629; baseline -0.005 -17"><span class='ocrx_word' id='word_1_36' title='bbox 82 555 115 612; x_wconf 91' lang='lat' dir='ltr'>P.</span> <span class='ocrx_word' id='word_1_37' title='bbox 126 555 263 626; x_wconf 83' lang='lat' dir='ltr'>Africani,</span> <span class='ocrx_word' id='word_1_38' title='bbox 273 561 307 611; x_wconf 91' lang='lat' dir='ltr'>ut</span> <span class='ocrx_word' id='word_1_39' title='bbox 317 555 385 624; x_wconf 86' lang='lat' dir='ltr'>dixi,</span> <span class='ocrx_word' id='word_1_40' title='bbox 396 554 500 621; x_wconf 86' lang='lat' dir='ltr'>sororis</span> <span class='ocrx_word' id='word_1_41' title='bbox 514 552 597 623; x_wconf 88' lang='lat' dir='ltr'>filius,</span> <span class='ocrx_word' id='word_1_42' title='bbox 607 552 652 608; x_wconf 88' lang='lat' dir='ltr'>his</span> <span class='ocrx_word' id='word_1_43' title='bbox 666 552 796 609; x_wconf 91' lang='lat' dir='ltr'>haedinis</span> <span class='ocrx_word' id='word_1_44' title='bbox 809 552 924 629; x_wconf 90' lang='lat' dir='ltr'>pellicu-</span> 
     </span>
     <span class='ocr_line' id='line_1_7' title="bbox 82 632 925 711; baseline -0.002 -20"><span class='ocrx_word' id='word_1_45' title='bbox 82 634 117 691; x_wconf 86' lang='lat' dir='ltr'>lis</span> <span class='ocrx_word' id='word_1_46' title='bbox 139 643 271 711; x_wconf 87' lang='lat' dir='ltr'>praetura</span> <span class='ocrx_word' id='word_1_47' title='bbox 292 634 418 691; x_wconf 88' lang='lat' dir='ltr'>deiectus</span> <span class='ocrx_word' id='word_1_48' title='bbox 443 640 493 691; x_wconf 88' lang='lat' dir='ltr'>est.</span> <span class='ocrx_word' id='word_1_49' title='bbox 536 632 607 691; x_wconf 89' lang='lat' dir='ltr'>Odit</span> <span class='ocrx_word' id='word_1_50' title='bbox 630 633 753 709; x_wconf 90' lang='lat' dir='ltr'>populus</span> <span class='ocrx_word' id='word_1_51' title='bbox 777 632 925 689; x_wconf 86' lang='lat' dir='ltr'>Romanus</span> 
     </span>
     <span class='ocr_line' id='line_1_8' title="bbox 83 711 924 791; baseline 0 -21"><span class='ocrx_word' id='word_1_52' title='bbox 83 715 223 791; x_wconf 90' lang='lat' dir='ltr'>privatam</span> <span class='ocrx_word' id='word_1_53' title='bbox 238 714 386 784; x_wconf 85' lang='lat' dir='ltr'>luxuriam,</span> <span class='ocrx_word' id='word_1_54' title='bbox 397 713 541 791; x_wconf 81' lang='lat' dir='ltr'>publicam</span> <span class='ocrx_word' id='word_1_55' title='bbox 556 711 797 789; x_wconf 84' lang='lat' dir='ltr'>magnificentiam</span> <span class='ocrx_word' id='word_1_56' title='bbox 812 711 924 788; x_wconf 78' lang='lat' dir='ltr'>diligit:</span> 
     </span>
     <span class='ocr_line' id='line_1_9' title="bbox 83 791 925 871; baseline -0.004 -21"><span class='ocrx_word' id='word_1_57' title='bbox 83 814 141 850; x_wconf 94' lang='lat' dir='ltr'>non</span> <span class='ocrx_word' id='word_1_58' title='bbox 159 801 236 851; x_wconf 87' lang='lat' dir='ltr'>amat</span> <span class='ocrx_word' id='word_1_59' title='bbox 252 794 385 871; x_wconf 88' lang='lat' dir='ltr'>profusas</span> <span class='ocrx_word' id='word_1_60' title='bbox 403 793 509 870; x_wconf 77' lang='lat' dir='ltr'>epulas,</span> <span class='ocrx_word' id='word_1_61' title='bbox 525 792 622 849; x_wconf 90' lang='lat' dir='ltr'>sordes</span> <span class='ocrx_word' id='word_1_62' title='bbox 639 800 668 849; x_wconf 90' lang='lat' dir='ltr'>et</span> <span class='ocrx_word' id='word_1_63' title='bbox 685 791 925 848; x_wconf 82' lang='lat' dir='ltr'>inhumanitatem</span> 
     </span>
     <span class='ocr_line' id='line_1_10' title="bbox 83 871 926 951; baseline -0.002 -22"><span class='ocrx_word' id='word_1_64' title='bbox 83 873 175 930; x_wconf 91' lang='lat' dir='ltr'>multo</span> <span class='ocrx_word' id='word_1_65' title='bbox 190 874 293 931; x_wconf 86' lang='lat' dir='ltr'>minus.</span> <span class='ocrx_word' id='word_1_66' title='bbox 334 872 496 951; x_wconf 80' lang='lat' dir='ltr'>Distinguit</span> <span class='ocrx_word' id='word_1_67' title='bbox 510 873 620 930; x_wconf 87' lang='lat' dir='ltr'>ratione</span> <span class='ocrx_word' id='word_1_68' title='bbox 635 871 793 930; x_wconf 87' lang='lat' dir='ltr'>officiorum</span> <span class='ocrx_word' id='word_1_69' title='bbox 809 890 841 928; x_wconf 88' lang='lat' dir='ltr'>ae</span> <span class='ocrx_word' id='word_1_70' title='bbox 855 878 926 928; x_wconf 89' lang='lat' dir='ltr'>tem·</span> 
     </span>
     <span class='ocr_line' id='line_1_11' title="bbox 84 950 925 1029; baseline -0.002 -20"><span class='ocrx_word' id='word_1_71' title='bbox 84 973 186 1029; x_wconf 89' lang='lat' dir='ltr'>porum</span> <span class='ocrx_word' id='word_1_72' title='bbox 207 954 432 1011; x_wconf 85' lang='lat' dir='ltr'>vicissitudinem</span> <span class='ocrx_word' id='word_1_73' title='bbox 457 953 562 1010; x_wconf 88' lang='lat' dir='ltr'>laboris</span> <span class='ocrx_word' id='word_1_74' title='bbox 587 972 619 1010; x_wconf 90' lang='lat' dir='ltr'>ao</span> <span class='ocrx_word' id='word_1_75' title='bbox 643 951 806 1029; x_wconf 88' lang='lat' dir='ltr'>voluptatis.</span> <span class='ocrx_word' id='word_1_76' title='bbox 850 950 925 1008; x_wconf 92' lang='lat' dir='ltr'>Nam</span> 
     </span>
     <span class='ocr_line' id='line_1_12' title="bbox 85 1030 926 1110; baseline -0.001 -21"><span class='ocrx_word' id='word_1_77' title='bbox 85 1034 162 1110; x_wconf 91' lang='lat' dir='ltr'>quod</span> <span class='ocrx_word' id='word_1_78' title='bbox 173 1034 214 1090; x_wconf 92' lang='lat' dir='ltr'>ais</span> <span class='ocrx_word' id='word_1_79' title='bbox 227 1034 305 1091; x_wconf 90' lang='lat' dir='ltr'>nulla</span> <span class='ocrx_word' id='word_1_80' title='bbox 318 1053 347 1092; x_wconf 92' lang='lat' dir='ltr'>re</span> <span class='ocrx_word' id='word_1_81' title='bbox 362 1033 446 1091; x_wconf 90' lang='lat' dir='ltr'>adlici</span> <span class='ocrx_word' id='word_1_82' title='bbox 456 1033 607 1090; x_wconf 91' lang='lat' dir='ltr'>hominum</span> <span class='ocrx_word' id='word_1_83' title='bbox 619 1039 729 1090; x_wconf 90' lang='lat' dir='ltr'>mentes</span> <span class='ocrx_word' id='word_1_84' title='bbox 744 1038 875 1109; x_wconf 86' lang='lat' dir='ltr'>oportere</span> <span class='ocrx_word' id='word_1_85' title='bbox 889 1030 926 1088; x_wconf 85' lang='lat' dir='ltr'>ad</span> 
     </span>
     <span class='ocr_line' id='line_1_13' title="bbox 83 1112 924 1191; baseline -0.002 -22"><span class='ocrx_word' id='word_1_86' title='bbox 83 1114 283 1190; x_wconf 78' lang='lat' dir='ltr'>magistratum</span> <span class='ocrx_word' id='word_1_87' title='bbox 297 1114 492 1171; x_wconf 89' lang='lat' dir='ltr'>mandandum</span> <span class='ocrx_word' id='word_1_88' title='bbox 507 1114 562 1170; x_wconf 89' lang='lat' dir='ltr'>nisi</span> <span class='ocrx_word' id='word_1_89' title='bbox 577 1113 726 1191; x_wconf 80' lang='lat' dir='ltr'>dignitate,</span> <span class='ocrx_word' id='word_1_90' title='bbox 738 1113 793 1169; x_wconf 88' lang='lat' dir='ltr'>hoe</span> <span class='ocrx_word' id='word_1_91' title='bbox 808 1112 924 1188; x_wconf 91' lang='lat' dir='ltr'>tuipse,</span> 
     </span>
     <span class='ocr_line' id='line_1_14' title="bbox 84 1192 925 1271; baseline -0.002 -22"><span class='ocrx_word' id='word_1_92' title='bbox 84 1193 113 1249; x_wconf 93' lang='lat' dir='ltr'>in</span> <span class='ocrx_word' id='word_1_93' title='bbox 134 1214 191 1270; x_wconf 93' lang='lat' dir='ltr'>quo</span> <span class='ocrx_word' id='word_1_94' title='bbox 210 1214 322 1252; x_wconf 90' lang='lat' dir='ltr'>summa</span> <span class='ocrx_word' id='word_1_95' title='bbox 340 1202 384 1252; x_wconf 89' lang='lat' dir='ltr'>est</span> <span class='ocrx_word' id='word_1_96' title='bbox 402 1194 535 1271; x_wconf 67' lang='lat' dir='ltr'>dignitas</span> <span class='ocrx_word' id='word_1_97' title='bbox 551 1213 609 1250; x_wconf 92' lang='lat' dir='ltr'>non</span> <span class='ocrx_word' id='word_1_98' title='bbox 629 1213 729 1250; x_wconf 83' lang='lat' dir='ltr'>servas.</span> <span class='ocrx_word' id='word_1_99' title='bbox 772 1193 831 1249; x_wconf 88' lang='lat' dir='ltr'>Cur</span> <span class='ocrx_word' id='word_1_100' title='bbox 849 1192 925 1249; x_wconf 93' lang='lat' dir='ltr'>enim</span> 
     </span>
     <span class='ocr_line' id='line_1_15' title="bbox 85 1271 927 1350; baseline -0.002 -21"><span class='ocrx_word' id='word_1_101' title='bbox 85 1293 265 1350; x_wconf 91' lang='lat' dir='ltr'>quemquam,</span> <span class='ocrx_word' id='word_1_102' title='bbox 286 1280 319 1332; x_wconf 90' lang='lat' dir='ltr'>ut</span> <span class='ocrx_word' id='word_1_103' title='bbox 346 1275 459 1331; x_wconf 85' lang='lat' dir='ltr'>studeat</span> <span class='ocrx_word' id='word_1_104' title='bbox 483 1274 545 1344; x_wconf 88' lang='lat' dir='ltr'>tibi,</span> <span class='ocrx_word' id='word_1_105' title='bbox 566 1280 598 1330; x_wconf 89' lang='lat' dir='ltr'>ut</span> <span class='ocrx_word' id='word_1_106' title='bbox 625 1280 654 1330; x_wconf 91' lang='lat' dir='ltr'>te</span> <span class='ocrx_word' id='word_1_107' title='bbox 682 1273 804 1342; x_wconf 83' lang='lat' dir='ltr'>adiuvet,</span> <span class='ocrx_word' id='word_1_108' title='bbox 825 1271 927 1348; x_wconf 68' lang='lat' dir='ltr'>rogas?</span> 
     </span>
     <span class='ocr_line' id='line_1_16' title="bbox 85 1352 926 1430; baseline -0.004 -20"><span class='ocrx_word' id='word_1_109' title='bbox 85 1352 181 1430; x_wconf 76' lang='lat' dir='ltr'>Rogas</span> <span class='ocrx_word' id='word_1_110' title='bbox 195 1361 227 1410; x_wconf 92' lang='lat' dir='ltr'>tu</span> <span class='ocrx_word' id='word_1_111' title='bbox 243 1373 298 1423; x_wconf 92' lang='lat' dir='ltr'>me,</span> <span class='ocrx_word' id='word_1_112' title='bbox 310 1361 343 1411; x_wconf 93' lang='lat' dir='ltr'>ut</span> <span class='ocrx_word' id='word_1_113' title='bbox 357 1354 429 1410; x_wconf 92' lang='lat' dir='ltr'>mihi</span> <span class='ocrx_word' id='word_1_114' title='bbox 444 1353 558 1430; x_wconf 88' lang='lat' dir='ltr'>praesis,</span> <span class='ocrx_word' id='word_1_115' title='bbox 570 1359 602 1409; x_wconf 89' lang='lat' dir='ltr'>ut</span> <span class='ocrx_word' id='word_1_116' title='bbox 617 1353 796 1409; x_wconf 82' lang='lat' dir='ltr'>committam</span> <span class='ocrx_word' id='word_1_117' title='bbox 811 1370 865 1427; x_wconf 77' lang='lat' dir='ltr'>ogo</span> <span class='ocrx_word' id='word_1_118' title='bbox 880 1370 926 1408; x_wconf 90' lang='lat' dir='ltr'>me</span> 
     </span>
     <span class='ocr_line' id='line_1_17' title="bbox 85 1430 926 1509; baseline -0.002 -20"><span class='ocrx_word' id='word_1_119' title='bbox 85 1433 147 1490; x_wconf 88' lang='lat' dir='ltr'>tibi.</span> <span class='ocrx_word' id='word_1_120' title='bbox 183 1431 260 1501; x_wconf 81' lang='lat' dir='ltr'>Quid</span> <span class='ocrx_word' id='word_1_121' title='bbox 274 1433 408 1490; x_wconf 82' lang='lat' dir='ltr'>tandeml</span> <span class='ocrx_word' id='word_1_122' title='bbox 446 1432 523 1489; x_wconf 91' lang='lat' dir='ltr'>Istue</span> <span class='ocrx_word' id='word_1_123' title='bbox 537 1452 583 1489; x_wconf 89' lang='lat' dir='ltr'>me</span> <span class='ocrx_word' id='word_1_124' title='bbox 597 1433 691 1508; x_wconf 84' lang='lat' dir='ltr'>rogari</span> <span class='ocrx_word' id='word_1_125' title='bbox 706 1438 820 1509; x_wconf 84' lang='lat' dir='ltr'>oportet</span> <span class='ocrx_word' id='word_1_126' title='bbox 834 1430 926 1488; x_wconf 89' lang='lat' dir='ltr'>abste</span> 
     </span>
     <span class='ocr_line' id='line_1_18' title="bbox 87 1510 927 1588; baseline -0.001 -20"><span class='ocrx_word' id='word_1_127' title='bbox 87 1531 123 1568; x_wconf 92' lang='lat' dir='ltr'>an</span> <span class='ocrx_word' id='word_1_128' title='bbox 140 1520 168 1569; x_wconf 90' lang='lat' dir='ltr'>te</span> <span class='ocrx_word' id='word_1_129' title='bbox 186 1513 283 1588; x_wconf 88' lang='lat' dir='ltr'>potius</span> <span class='ocrx_word' id='word_1_130' title='bbox 299 1531 316 1568; x_wconf 92' lang='lat' dir='ltr'>a</span> <span class='ocrx_word' id='word_1_131' title='bbox 332 1531 386 1582; x_wconf 96' lang='lat' dir='ltr'>me,</span> <span class='ocrx_word' id='word_1_132' title='bbox 402 1518 434 1568; x_wconf 88' lang='lat' dir='ltr'>ut</span> <span class='ocrx_word' id='word_1_133' title='bbox 451 1531 504 1588; x_wconf 93' lang='lat' dir='ltr'>pro</span> <span class='ocrx_word' id='word_1_134' title='bbox 522 1531 587 1568; x_wconf 89' lang='lat' dir='ltr'>mea</span> <span class='ocrx_word' id='word_1_135' title='bbox 605 1511 694 1568; x_wconf 87' lang='lat' dir='ltr'>salute</span> <span class='ocrx_word' id='word_1_136' title='bbox 711 1510 837 1568; x_wconf 90' lang='lat' dir='ltr'>laborem</span> <span class='ocrx_word' id='word_1_137' title='bbox 855 1511 927 1588; x_wconf 87' lang='lat' dir='ltr'>peri·</span> 
     </span>
     <span class='ocr_line' id='line_1_19' title="bbox 87 1590 927 1668; baseline -0.001 -21"><span class='ocrx_word' id='word_1_138' title='bbox 87 1591 239 1668; x_wconf 88' lang='lat' dir='ltr'>eulumque</span> <span class='ocrx_word' id='word_1_139' title='bbox 267 1592 422 1668; x_wconf 84' lang='lat' dir='ltr'>suscipias‘l</span> <span class='ocrx_word' id='word_1_140' title='bbox 467 1591 512 1648; x_wconf 78' lang='lat'>77.</span> <span class='ocrx_word' id='word_1_141' title='bbox 539 1590 634 1659; x_wconf 70' lang='lat' dir='ltr'>Quid?</span> <span class='ocrx_word' id='word_1_142' title='bbox 662 1590 739 1667; x_wconf 93' lang='lat' dir='ltr'>quod</span> <span class='ocrx_word' id='word_1_143' title='bbox 764 1590 850 1647; x_wconf 90' lang='lat' dir='ltr'>habes</span> <span class='ocrx_word' id='word_1_144' title='bbox 878 1609 927 1647; x_wconf 79' lang='lat' dir='ltr'>no</span> 
     </span>
     <span class='ocr_line' id='line_1_20' title="bbox 32 1669 927 1747; baseline -0.001 -20"><span class='ocrx_word' id='word_1_145' title='bbox 32 1708 34 1711; x_wconf 79' lang='lat'><em>.</em></span> <span class='ocrx_word' id='word_1_146' title='bbox 87 1671 298 1741; x_wconf 89' lang='lat' dir='ltr'>menclatorem,</span> <span class='ocrx_word' id='word_1_147' title='bbox 314 1672 343 1727; x_wconf 91' lang='lat' dir='ltr'>in</span> <span class='ocrx_word' id='word_1_148' title='bbox 364 1690 397 1728; x_wconf 92' lang='lat' dir='ltr'>eo</span> <span class='ocrx_word' id='word_1_149' title='bbox 418 1671 534 1747; x_wconf 90' lang='lat' dir='ltr'>quidem</span> <span class='ocrx_word' id='word_1_150' title='bbox 552 1670 628 1727; x_wconf 86' lang='lat' dir='ltr'>fallis</span> <span class='ocrx_word' id='word_1_151' title='bbox 647 1678 676 1727; x_wconf 89' lang='lat' dir='ltr'>et</span> <span class='ocrx_word' id='word_1_152' title='bbox 693 1670 808 1746; x_wconf 85' lang='lat' dir='ltr'>decipis.</span> <span class='ocrx_word' id='word_1_153' title='bbox 852 1669 927 1726; x_wconf 90' lang='lat' dir='ltr'>Nam</span> 
     </span>
     <span class='ocr_line' id='line_1_21' title="bbox 88 1750 926 1828; baseline 0 -21"><span class='ocrx_word' id='word_1_154' title='bbox 88 1751 112 1807; x_wconf 92' lang='lat' dir='ltr'>si</span> <span class='ocrx_word' id='word_1_155' title='bbox 129 1751 245 1808; x_wconf 90' lang='lat' dir='ltr'>nomine</span> <span class='ocrx_word' id='word_1_156' title='bbox 264 1751 398 1828; x_wconf 88' lang='lat' dir='ltr'>appellari</span> <span class='ocrx_word' id='word_1_157' title='bbox 416 1750 512 1808; x_wconf 86' lang='lat' dir='ltr'>abste</span> <span class='ocrx_word' id='word_1_158' title='bbox 531 1751 605 1807; x_wconf 90' lang='lat' dir='ltr'>cives</span> <span class='ocrx_word' id='word_1_159' title='bbox 622 1757 687 1807; x_wconf 87' lang='lat' dir='ltr'>tuos</span> <span class='ocrx_word' id='word_1_160' title='bbox 703 1750 856 1807; x_wconf 88' lang='lat' dir='ltr'>honestum</span> <span class='ocrx_word' id='word_1_161' title='bbox 875 1756 926 1821; x_wconf 87' lang='lat' dir='ltr'>est,</span> 
     </span>
     <span class='ocr_line' id='line_1_22' title="bbox 88 1828 926 1908; baseline -0.002 -21"><span class='ocrx_word' id='word_1_162' title='bbox 88 1838 171 1907; x_wconf 85' lang='lat' dir='ltr'>turpe</span> <span class='ocrx_word' id='word_1_163' title='bbox 185 1836 228 1887; x_wconf 91' lang='lat' dir='ltr'>est</span> <span class='ocrx_word' id='word_1_164' title='bbox 239 1850 287 1888; x_wconf 89' lang='lat' dir='ltr'>eos</span> <span class='ocrx_word' id='word_1_165' title='bbox 301 1832 427 1888; x_wconf 90' lang='lat' dir='ltr'>notiores</span> <span class='ocrx_word' id='word_1_166' title='bbox 441 1851 501 1888; x_wconf 89' lang='lat' dir='ltr'>osse</span> <span class='ocrx_word' id='word_1_167' title='bbox 516 1850 595 1888; x_wconf 84' lang='lat' dir='ltr'>servo</span> <span class='ocrx_word' id='word_1_168' title='bbox 610 1837 660 1888; x_wconf 91' lang='lat' dir='ltr'>tuo</span> <span class='ocrx_word' id='word_1_169' title='bbox 673 1849 757 1908; x_wconf 92' lang='lat' dir='ltr'>quam</span> <span class='ocrx_word' id='word_1_170' title='bbox 769 1829 830 1886; x_wconf 90' lang='lat' dir='ltr'>tibi.</span> <span class='ocrx_word' id='word_1_171' title='bbox 866 1828 926 1899; x_wconf 85' lang='lat' dir='ltr'>Sin,</span> 
     </span>
     <span class='ocr_line' id='line_1_23' title="bbox 88 1910 926 1988; baseline -0.001 -21"><span class='ocrx_word' id='word_1_172' title='bbox 88 1911 173 1967; x_wconf 91' lang='lat' dir='ltr'>etiam</span> <span class='ocrx_word' id='word_1_173' title='bbox 189 1911 214 1967; x_wconf 76' lang='lat' dir='ltr'>ei</span> <span class='ocrx_word' id='word_1_174' title='bbox 228 1911 313 1980; x_wconf 87' lang='lat' dir='ltr'>noris,</span> <span class='ocrx_word' id='word_1_175' title='bbox 323 1918 419 1969; x_wconf 90' lang='lat' dir='ltr'>tamen</span> <span class='ocrx_word' id='word_1_176' title='bbox 430 1930 481 1988; x_wconf 91' lang='lat' dir='ltr'>per</span> <span class='ocrx_word' id='word_1_177' title='bbox 491 1911 662 1968; x_wconf 91' lang='lat' dir='ltr'>monitorem</span> <span class='ocrx_word' id='word_1_178' title='bbox 678 1910 840 1988; x_wconf 90' lang='lat' dir='ltr'>appellandi</span> <span class='ocrx_word' id='word_1_179' title='bbox 851 1915 926 1980; x_wconf 85' lang='lat' dir='ltr'>sunt,</span> 
     </span>
     <span class='ocr_line' id='line_1_24' title="bbox 88 1989 927 2069; baseline -0.001 -22"><span class='ocrx_word' id='word_1_180' title='bbox 88 1998 221 2048; x_wconf 86' lang='lat' dir='ltr'>curante</span> <span class='ocrx_word' id='word_1_181' title='bbox 241 1991 315 2068; x_wconf 91' lang='lat' dir='ltr'>petis</span> <span class='ocrx_word' id='word_1_182' title='bbox 334 2010 419 2069; x_wconf 88' lang='lat' dir='ltr'>quam</span> <span class='ocrx_word' id='word_1_183' title='bbox 437 1991 606 2068; x_wconf 78' lang='lat' dir='ltr'>imperavitl</span> <span class='ocrx_word' id='word_1_184' title='bbox 647 1989 742 2059; x_wconf 78' lang='lat' dir='ltr'>Quidr</span> <span class='ocrx_word' id='word_1_185' title='bbox 764 1989 927 2067; x_wconf 87' lang='lat' dir='ltr'>quodcum</span> 
     </span>
     <span class='ocr_line' id='line_1_25' title="bbox 88 2068 926 2148; baseline -0.001 -21"><span class='ocrx_word' id='word_1_186' title='bbox 88 2071 257 2141; x_wconf 89' lang='lat' dir='ltr'>admoneris,</span> <span class='ocrx_word' id='word_1_187' title='bbox 268 2077 372 2141; x_wconf 83' lang='lat' dir='ltr'>tamen,</span> <span class='ocrx_word' id='word_1_188' title='bbox 382 2070 462 2148; x_wconf 88' lang='lat' dir='ltr'>quasi</span> <span class='ocrx_word' id='word_1_189' title='bbox 472 2077 534 2127; x_wconf 87' lang='lat' dir='ltr'>tute</span> <span class='ocrx_word' id='word_1_190' title='bbox 545 2070 631 2140; x_wconf 91' lang='lat' dir='ltr'>noris,</span> <span class='ocrx_word' id='word_1_191' title='bbox 641 2070 681 2127; x_wconf 87' lang='lat' dir='ltr'>ita</span> <span class='ocrx_word' id='word_1_192' title='bbox 692 2069 813 2126; x_wconf 79' lang='lat' dir='ltr'>salutasl</span> <span class='ocrx_word' id='word_1_193' title='bbox 841 2068 926 2139; x_wconf 81' lang='lat' dir='ltr'>Quid,</span> 
     </span>
     <span class='ocr_line' id='line_1_26' title="bbox 89 2149 928 2229; baseline -0.001 -23"><span class='ocrx_word' id='word_1_194' title='bbox 89 2152 172 2224; x_wconf 84' lang='lat' dir='ltr'>qaod,</span> <span class='ocrx_word' id='word_1_195' title='bbox 182 2158 283 2227; x_wconf 86' lang='lat' dir='ltr'>postea</span> <span class='ocrx_word' id='word_1_196' title='bbox 293 2171 378 2229; x_wconf 90' lang='lat' dir='ltr'>quarn</span> <span class='ocrx_word' id='word_1_197' title='bbox 392 2170 422 2207; x_wconf 87' lang='lat' dir='ltr'>es</span> <span class='ocrx_word' id='word_1_198' title='bbox 433 2150 605 2225; x_wconf 69' lang='lat' dir='ltr'>designatus</span> <span class='ocrx_word' id='word_1_199' title='bbox 616 2149 708 2206; x_wconf 87' lang='lat' dir='ltr'>multo</span> <span class='ocrx_word' id='word_1_200' title='bbox 723 2150 826 2206; x_wconf 79' lang='lat' dir='ltr'>salutas</span> <span class='ocrx_word' id='word_1_201' title='bbox 841 2149 928 2226; x_wconf 82' lang='lat' dir='ltr'>negli-</span> 
     </span>
     <span class='ocr_line' id='line_1_27' title="bbox 88 2229 928 2306; baseline -0.002 -19"><span class='ocrx_word' id='word_1_202' title='bbox 88 2231 220 2306; x_wconf 68' lang='lat' dir='ltr'>gentius?</span> <span class='ocrx_word' id='word_1_203' title='bbox 261 2230 340 2288; x_wconf 91' lang='lat' dir='ltr'>Haec</span> <span class='ocrx_word' id='word_1_204' title='bbox 358 2231 455 2287; x_wconf 91' lang='lat' dir='ltr'>omnia</span> <span class='ocrx_word' id='word_1_205' title='bbox 471 2230 508 2286; x_wconf 89' lang='lat' dir='ltr'>ad</span> <span class='ocrx_word' id='word_1_206' title='bbox 524 2230 664 2286; x_wconf 89' lang='lat' dir='ltr'>rationem</span> <span class='ocrx_word' id='word_1_207' title='bbox 681 2230 804 2286; x_wconf 87' lang='lat' dir='ltr'>civitatis</span> <span class='ocrx_word' id='word_1_208' title='bbox 822 2230 845 2285; x_wconf 92' lang='lat' dir='ltr'>si</span> <span class='ocrx_word' id='word_1_209' title='bbox 862 2229 928 2285; x_wconf 88' lang='lat' dir='ltr'>diri·</span> 
     </span>
     <span class='ocr_line' id='line_1_28' title="bbox 88 2309 929 2387; baseline -0.001 -21"><span class='ocrx_word' id='word_1_210' title='bbox 88 2329 147 2386; x_wconf 85' lang='lat' dir='ltr'>gas,</span> <span class='ocrx_word' id='word_1_211' title='bbox 163 2317 239 2367; x_wconf 90' lang='lat' dir='ltr'>reeta</span> <span class='ocrx_word' id='word_1_212' title='bbox 256 2317 338 2367; x_wconf 90' lang='lat' dir='ltr'>sunt:</span> <span class='ocrx_word' id='word_1_213' title='bbox 361 2310 403 2366; x_wconf 92' lang='lat' dir='ltr'>sin</span> <span class='ocrx_word' id='word_1_214' title='bbox 421 2310 595 2387; x_wconf 88' lang='lat' dir='ltr'>perpendere</span> <span class='ocrx_word' id='word_1_215' title='bbox 614 2309 651 2366; x_wconf 92' lang='lat' dir='ltr'>ad</span> <span class='ocrx_word' id='word_1_216' title='bbox 668 2309 834 2386; x_wconf 87' lang='lat' dir='ltr'>disciplinae</span> <span class='ocrx_word' id='word_1_217' title='bbox 851 2328 929 2384; x_wconf 91' lang='lat' dir='ltr'>prac-</span> 
     </span>
     <span class='ocr_line' id='line_1_29' title="bbox 89 2387 928 2466; baseline -0.002 -20"><span class='ocrx_word' id='word_1_218' title='bbox 89 2398 173 2466; x_wconf 88' lang='lat' dir='ltr'>cepta</span> <span class='ocrx_word' id='word_1_219' title='bbox 183 2390 259 2459; x_wconf 90' lang='lat' dir='ltr'>velis,</span> <span class='ocrx_word' id='word_1_220' title='bbox 269 2389 445 2466; x_wconf 86' lang='lat' dir='ltr'>reperiantur</span> <span class='ocrx_word' id='word_1_221' title='bbox 458 2390 631 2466; x_wconf 89' lang='lat' dir='ltr'>pravissima.</span> <span class='ocrx_word' id='word_1_222' title='bbox 668 2387 731 2456; x_wconf 81' lang='lat' dir='ltr'>Qua</span> <span class='ocrx_word' id='word_1_223' title='bbox 745 2408 774 2444; x_wconf 89' lang='lat' dir='ltr'>re</span> <span class='ocrx_word' id='word_1_224' title='bbox 788 2408 840 2445; x_wconf 91' lang='lat' dir='ltr'>nec</span> <span class='ocrx_word' id='word_1_225' title='bbox 851 2388 928 2465; x_wconf 90' lang='lat' dir='ltr'>plebi</span> 
     </span>
     <span class='ocr_line' id='line_1_30' title="bbox 89 2466 928 2545; baseline -0.005 -19"><span class='ocrx_word' id='word_1_226' title='bbox 89 2468 235 2526; x_wconf 87' lang='lat' dir='ltr'>Romanae</span> <span class='ocrx_word' id='word_1_227' title='bbox 250 2469 389 2545; x_wconf 91' lang='lat' dir='ltr'>eripiendi</span> <span class='ocrx_word' id='word_1_228' title='bbox 403 2470 513 2526; x_wconf 86' lang='lat' dir='ltr'>fructus</span> <span class='ocrx_word' id='word_1_229' title='bbox 527 2470 575 2525; x_wconf 93' lang='lat' dir='ltr'>isti</span> <span class='ocrx_word' id='word_1_230' title='bbox 590 2475 656 2524; x_wconf 91' lang='lat' dir='ltr'>sunt</span> <span class='ocrx_word' id='word_1_231' title='bbox 671 2467 811 2536; x_wconf 90' lang='lat' dir='ltr'>ludorum,</span> <span class='ocrx_word' id='word_1_232' title='bbox 824 2466 928 2542; x_wconf 73' lang='lat' dir='ltr'>gladia-</span> 
     </span>
     <span class='ocr_line' id='line_1_31' title="bbox 89 2548 930 2626; baseline -0.002 -21"><span class='ocrx_word' id='word_1_233' title='bbox 89 2557 193 2620; x_wconf 89' lang='lat' dir='ltr'>torum,</span> <span class='ocrx_word' id='word_1_234' title='bbox 204 2549 407 2618; x_wconf 82' lang='lat' dir='ltr'>conviviorum,</span> <span class='ocrx_word' id='word_1_235' title='bbox 419 2569 490 2626; x_wconf 88' lang='lat' dir='ltr'>quae</span> <span class='ocrx_word' id='word_1_236' title='bbox 504 2549 601 2605; x_wconf 88' lang='lat' dir='ltr'>omnia</span> <span class='ocrx_word' id='word_1_237' title='bbox 614 2548 735 2603; x_wconf 88' lang='lat' dir='ltr'>maiores</span> <span class='ocrx_word' id='word_1_238' title='bbox 749 2548 840 2603; x_wconf 85' lang='lat' dir='ltr'>nostri</span> <span class='ocrx_word' id='word_1_239' title='bbox 854 2565 930 2603; x_wconf 92' lang='lat' dir='ltr'>com·</span> 
     </span>
     <span class='ocr_line' id='line_1_32' title="bbox 89 2626 930 2704; baseline -0.002 -20"><span class='ocrx_word' id='word_1_240' title='bbox 89 2635 267 2704; x_wconf 83' lang='lat' dir='ltr'>paraverunt,</span> <span class='ocrx_word' id='word_1_241' title='bbox 283 2647 335 2685; x_wconf 90' lang='lat' dir='ltr'>nee</span> <span class='ocrx_word' id='word_1_242' title='bbox 353 2628 511 2685; x_wconf 89' lang='lat' dir='ltr'>candidatis</span> <span class='ocrx_word' id='word_1_243' title='bbox 528 2629 583 2684; x_wconf 85' lang='lat' dir='ltr'>ista</span> <span class='ocrx_word' id='word_1_244' title='bbox 598 2627 760 2701; x_wconf 63' lang='lat' dir='ltr'>benignitas</span> <span class='ocrx_word' id='word_1_245' title='bbox 777 2626 930 2683; x_wconf 89' lang='lat' dir='ltr'>adimenda</span> 
     </span>
     <span class='ocr_line' id='line_1_33' title="bbox 90 2697 930 2785; baseline -0.001 -22"><span class='ocrx_word' id='word_1_246' title='bbox 90 2715 140 2777; x_wconf 92' lang='lat' dir='ltr'>est,</span> <span class='ocrx_word' id='word_1_247' title='bbox 152 2727 223 2784; x_wconf 87' lang='lat' dir='ltr'>quae</span> <span class='ocrx_word' id='word_1_248' title='bbox 237 2707 434 2764; x_wconf 86' lang='lat' dir='ltr'>liberalitatem</span> <span class='ocrx_word' id='word_1_249' title='bbox 449 2707 540 2784; x_wconf 83' lang='lat' dir='ltr'>magis</span> <span class='ocrx_word' id='word_1_250' title='bbox 555 2697 695 2783; x_wconf 80' lang='lat' dir='ltr'>significat</span> <span class='ocrx_word' id='word_1_251' title='bbox 707 2726 791 2785; x_wconf 90' lang='lat' dir='ltr'>quam</span> <span class='ocrx_word' id='word_1_252' title='bbox 805 2707 930 2783; x_wconf 79' lang='lat' dir='ltr'>largitio-</span> 
     </span>
     <span class='ocr_line' id='line_1_34' title="bbox 90 2806 163 2843; baseline 0.014 -1"><span class='ocrx_word' id='word_1_253' title='bbox 90 2806 163 2843; x_wconf 91' lang='lat' dir='ltr'>nem.</span> 
     </span>
    </p>

    <p class='ocr_par' dir='ltr' id='par_1_3' title="bbox 130 2866 929 2924">
     <span class='ocr_line' id='line_1_35' title="bbox 130 2866 929 2924; baseline -0.003 -1"><span class='ocrx_word' id='word_1_254' title='bbox 130 2866 288 2924; x_wconf 88' lang='lat' dir='ltr'>XXXVII.</span> <span class='ocrx_word' id='word_1_255' title='bbox 333 2867 378 2924; x_wconf 82' lang='grc'>78.</span> <span class='ocrx_word' id='word_1_256' title='bbox 401 2866 443 2923; x_wconf 87' lang='lat' dir='ltr'>At</span> <span class='ocrx_word' id='word_1_257' title='bbox 464 2867 539 2923; x_wconf 90' lang='lat' dir='ltr'>enim</span> <span class='ocrx_word' id='word_1_258' title='bbox 564 2874 593 2924; x_wconf 89' lang='lat' dir='ltr'>te</span> <span class='ocrx_word' id='word_1_259' title='bbox 618 2867 653 2923; x_wconf 92' lang='lat' dir='ltr'>ad</span> <span class='ocrx_word' id='word_1_260' title='bbox 675 2867 864 2924; x_wconf 88' lang='lat' dir='ltr'>accusandum</span> <span class='ocrx_word' id='word_1_261' title='bbox 885 2885 929 2922; x_wconf 89' lang='lat' dir='ltr'>res</span> 
     </span>
    </p>
   </div>
   <div class='ocr_carea' id='block_1_3' title="bbox 81 2946 956 3263">
    <p class='ocr_par' dir='ltr' id='par_1_4' title="bbox 81 2946 956 3263">
     <span class='ocr_line' id='line_1_36' title="bbox 90 2946 929 3024; baseline -0.002 -20"><span class='ocrx_word' id='word_1_262' title='bbox 90 2947 205 3024; x_wconf 88' lang='lat' dir='ltr'>publica</span> <span class='ocrx_word' id='word_1_263' title='bbox 221 2947 348 3004; x_wconf 84' lang='lat' dir='ltr'>adduxit.</span> <span class='ocrx_word' id='word_1_264' title='bbox 391 2946 492 3017; x_wconf 78' lang='lat' dir='ltr'>Crede,</span> <span class='ocrx_word' id='word_1_265' title='bbox 509 2946 590 3017; x_wconf 80' lang='lat' dir='ltr'>Cata,</span> <span class='ocrx_word' id='word_1_266' title='bbox 606 2955 634 3004; x_wconf 91' lang='lat' dir='ltr'>te</span> <span class='ocrx_word' id='word_1_267' title='bbox 654 2948 710 3004; x_wconf 90' lang='lat' dir='ltr'>isto</span> <span class='ocrx_word' id='word_1_268' title='bbox 729 2947 825 3003; x_wconf 88' lang='lat' dir='ltr'>animo</span> <span class='ocrx_word' id='word_1_269' title='bbox 843 2952 929 3023; x_wconf 89' lang='lat' dir='ltr'>atque</span> 
     </span>
     <span class='ocr_line' id='line_1_37' title="bbox 91 3025 927 3104; baseline -0.004 -20"><span class='ocrx_word' id='word_1_270' title='bbox 91 3047 124 3084; x_wconf 89' lang='lat' dir='ltr'>ea</span> <span class='ocrx_word' id='word_1_271' title='bbox 151 3028 286 3104; x_wconf 93' lang='lat' dir='ltr'>opinione</span> <span class='ocrx_word' id='word_1_272' title='bbox 314 3027 439 3084; x_wconf 86' lang='lat' dir='ltr'>venisse:</span> <span class='ocrx_word' id='word_1_273' title='bbox 469 3028 518 3084; x_wconf 92' lang='lat' dir='ltr'>scd</span> <span class='ocrx_word' id='word_1_274' title='bbox 542 3033 574 3084; x_wconf 88' lang='lat' dir='ltr'>tu</span> <span class='ocrx_word' id='word_1_275' title='bbox 602 3027 795 3103; x_wconf 88' lang='lat' dir='ltr'>imprudentia</span> <span class='ocrx_word' id='word_1_276' title='bbox 818 3025 927 3082; x_wconf 80' lang='lat' dir='ltr'>laberis</span> 
     </span>
     <span class='ocr_line' id='line_1_38' title="bbox 91 3106 929 3184; baseline -0.004 -20"><span class='ocrx_word' id='word_1_277' title='bbox 91 3107 154 3184; x_wconf 82' lang='lat' dir='ltr'>Ego</span> <span class='ocrx_word' id='word_1_278' title='bbox 170 3107 247 3184; x_wconf 92' lang='lat' dir='ltr'>quod</span> <span class='ocrx_word' id='word_1_279' title='bbox 262 3107 346 3176; x_wconf 84' lang='lat' dir='ltr'>facie,</span> <span class='ocrx_word' id='word_1_280' title='bbox 358 3106 474 3177; x_wconf 79' lang='lat' dir='ltr'>iudices,</span> <span class='ocrx_word' id='word_1_281' title='bbox 487 3126 551 3163; x_wconf 93' lang='lat' dir='ltr'>cum</span> <span class='ocrx_word' id='word_1_282' title='bbox 567 3107 708 3164; x_wconf 87' lang='lat' dir='ltr'>amicitiae</span> <span class='ocrx_word' id='word_1_283' title='bbox 723 3106 929 3183; x_wconf 70' lang='lat' dir='ltr'>dignitatisque</span> 
     </span>
     <span class='ocr_line' id='line_1_39' title="bbox 81 3185 956 3263; baseline -0.017 -20"><span class='ocrx_word' id='word_1_284' title='bbox 81 3185 122 3256; x_wconf 83' lang='lat' dir='ltr'>¹L.</span> <span class='ocrx_word' id='word_1_285' title='bbox 139 3186 273 3245; x_wconf 90' lang='lat' dir='ltr'>Murenae</span> <span class='ocrx_word' id='word_1_286' title='bbox 291 3187 384 3263; x_wconf 83' lang='lat' dir='ltr'>gratia</span> <span class='ocrx_word' id='word_1_287' title='bbox 403 3186 568 3255; x_wconf 86' lang='lat' dir='ltr'>facio,tum</span> <span class='ocrx_word' id='word_1_288' title='bbox 583 3205 635 3242; x_wconf 82' lang='lat' dir='ltr'>me</span> <span class='ocrx_word' id='word_1_289' title='bbox 647 3186 956 3261; x_wconf 42' lang='lat' dir='ltr'>mosomense*</span> 
     </span>
    </p>
   </div>
   <div class='ocr_carea' id='block_1_4' title="bbox 0 0 1009 3480">
    <p class='ocr_par' dir='ltr' id='par_1_5' title="bbox 0 0 1009 3480">
     <span class='ocr_line' id='line_1_40' title="bbox 0 0 1009 3480; baseline 0 0"><span class='ocrx_word' id='word_1_290' title='bbox 0 0 1009 3480; x_wconf 95' lang='lat' dir='ltr'> </span> 
     </span>
    </p>
   </div>
  </div>
 </body>
</html>
