1988 3480
294 121 373 171 oar.
390 121 559 183 xii-mv,
576 119 590 180 a
606 124 695 170 aar.
871 127 914 174 *m

73 225 207 302 dignitas,
220 243 332 281 summa
345 229 441 281 autem
455 223 553 300 gratia
589 223 704 281 Etenim
719 243 737 280 a
749 223 831 281 vobis
845 225 915 282 salu-

73 305 161 362 britas
178 304 326 382 quaedam,
339 304 375 361 ab
388 304 432 374 iis,
445 304 495 380 qui
509 304 617 374 dicunt,
630 304 704 360 salus
720 303 783 381 ipsa
798 305 913 381 petitur.

71 386 185 443 Deinde
202 391 295 442 vestra
314 403 449 460 responsa
468 390 554 460 atque
570 384 683 441 decreta
701 391 731 441 et
750 391 915 441 evertuntur

71 486 156 542 saepe
170 465 293 523 dicendo
311 471 340 521 et
357 464 417 520 sine
434 463 601 520 defensione
619 464 739 520 oratoris
755 463 838 521 firma
854 484 915 522 esse

71 566 129 602 non
144 552 281 622 possunt:
304 545 334 600 in
350 563 406 620 qua
422 544 446 600 si
464 543 532 599 satis
545 543 739 619 profecissem,
752 545 864 619 parcius
878 544 915 602 de

71 627 131 682 eius
150 626 232 682 laude
253 626 394 682 dicerem:
416 642 492 679 nuno
511 622 584 678 nihil
601 623 637 686 de
655 643 702 680 me
721 623 795 694 dico,
811 624 862 681 sed
878 625 915 682 de

70 706 112 774 iis,
127 707 175 782 qui
191 707 220 762 iu
235 706 358 763 dicendo
372 704 470 780 magni
485 708 552 759 sunt
566 711 615 760 aut
629 703 753 760 luerunt.
808 740 810 743 -

111 785 192 843 XIV.
237 792 283 843 30.
306 786 389 842 Duae
408 790 476 841 sunt
495 789 577 853 arteS,
594 802 665 859 quae
683 789 805 859 possunt
821 783 914 841 locare

73 864 201 923 homines
216 866 247 922 in
265 865 442 942 amplissimo
459 864 550 940 gradu
565 863 730 940 dignitatis:
752 882 810 920 una
825 864 914 941 impe

72 946 178 1015 catoris,
192 946 279 1002 altera
296 945 416 1003 oratoris
432 944 507 1001 boni.
550 943 598 1000 Ab
613 943 668 1000 hoc
685 943 761 1000 enim
776 943 854 1019 pacis
871 963 914 1002 or-

70 1032 206 1082 namenta
218 1026 384 1096 retinentur,
394 1025 432 1082 ab
445 1025 494 1081 illo
509 1023 576 1081 belli
590 1023 716 1100 pericula
729 1022 912 1099 repelluntur.

70 1105 187 1162 Ceterae
203 1113 300 1163 tamen
317 1107 437 1163 virtutes
454 1105 532 1182 ipsae
549 1124 600 1180 per
618 1123 648 1160 se
666 1103 791 1159 multum
807 1103 912 1174 valent,

69 1185 185 1256 iustitia,
201 1185 279 1256 fides,
296 1186 397 1262 pudor,
414 1185 619 1261 temperantia:
643 1183 747 1260 quibus
767 1190 804 1253 te,
823 1182 911 1253 Servi,

68 1266 203 1323 excellere
222 1286 321 1323 omnes
339 1265 520 1341 intelligunt:
542 1265 592 1320 sed
609 1283 684 1320 nuno
702 1263 738 1319 de
757 1263 859 1319 studiis
876 1263 913 1320 ad

68 1344 207 1403 honorem
230 1345 378 1422 appositio,
399 1363 457 1400 non
481 1345 517 1400 de
538 1344 625 1399 insita
649 1343 784 1419 cuiusque
807 1342 913 1399 virtute

69 1425 192 1500 disputo,
235 1425 341 1482 Omnia
354 1425 410 1480 ista
426 1423 509 1479 nobis
526 1423 621 1479 studia
635 1423 670 1480 de
684 1422 817 1478 manibus
831 1441 914 1479 exou-

68 1504 187 1573 tiuntur,
200 1504 284 1560 simul
299 1511 384 1580 atque
399 1502 486 1579 aliqui
500 1509 597 1559 motus
613 1522 704 1558 novus
718 1502 852 1559 bellicum
869 1521 913 1559 ca-

68 1601 135 1639 nere
160 1584 262 1659 coepit.
307 1583 432 1652 Etenim,
453 1589 486 1638 ut
510 1582 551 1638 ait
575 1582 740 1658 ingeniosus
767 1589 856 1658 poeta
883 1589 912 1639 et

68 1668 170 1719 auctor
189 1663 270 1719 valde
292 1662 395 1732 bonna,
411 1661 527 1738 proeliis
549 1661 738 1738 promulgat-is
755 1663 914 1734 pellitque

68 1744 159 1799 medio
178 1762 236 1798 nou
256 1742 348 1799 solum
366 1743 420 1798 ista
437 1748 530 1798 vestra
549 1741 667 1798 verbosa
686 1741 830 1798 simulatio
847 1761 912 1818 pru·

68 1823 189 1892 dentiae,
202 1823 252 1879 sed
266 1822 352 1878 etiam
368 1823 431 1898 ipsa
443 1821 492 1878 illa
506 1821 624 1878 domina
638 1841 739 1892 rerum,
752 1822 892 1894 sapientia
901 1841 911 1876 .·

68 1904 97 1958 oi
111 1904 223 1975 peritur
239 1921 299 1958 res:
321 1904 466 1975 spernitur
481 1909 585 1971 orator,
601 1920 660 1957 non
679 1901 772 1959 solum
794 1902 912 1959 odiosus

67 1983 96 2038 in
112 1982 234 2039 dicendo
251 2001 283 2038 ao
301 1981 415 2058 loquax,
427 2000 525 2037 vemm
543 1981 630 2038 etiam
648 1982 753 2038 bouus:
775 1983 911 2038 horridos

66 2064 146 2118 miles
167 2070 302 2118 amatur:
327 2069 452 2118 vestrum
474 2081 540 2118 vero
562 2061 689 2119 studium
710 2069 805 2120 totum
827 2063 908 2120 iacet.

24 2172 26 2176 Α
66 2143 104 2198 N
101 2163 136 2198 ou
150 2162 182 2199 ee·
196 2144 259 2198 iure
272 2161 390 2197 monum
405 2149 569 2212 consertum,
582 2143 726 2216 sedferro,
737 2143 839 2219 inquit,
850 2162 909 2199 rem

66 2231 202 2294 repetunt.
246 2222 331 2290 Quod
348 2222 371 2278 si
389 2222 430 2278 ita
446 2228 496 2291 est,
509 2221 599 2293 cedat,
613 2222 723 2298 opinor,
736 2222 854 2299 Sulpici,
867 2223 910 2279 fo

67 2322 129 2358 rum
144 2302 249 2372 castris,
263 2303 354 2358 otium
369 2302 497 2373 militiae,
510 2301 591 2358 stilus
605 2302 710 2378 gladio,
723 2302 824 2359 umbra
838 2303 908 2360 soli:

67 2383 104 2437 sit
124 2382 246 2459 denique
267 2382 297 2438 in
318 2381 433 2438 civitate
454 2400 487 2438 ea
507 2382 600 2458 prima
620 2400 672 2452 ree,
687 2390 804 2459 propter
823 2401 909 2459 quarn

68 2461 128 2537 ipsa
142 2467 185 2517 cst
198 2461 299 2518 civitas
314 2462 443 2518 onmium
457 2461 598 2537 princeps.

108 2546 153 2596 31.
170 2541 280 2599 Verum
299 2541 368 2598 haee
385 2541 460 2598 Cato
478 2542 600 2597 nimium
620 2560 673 2597 nos
691 2541 796 2597 nostris
816 2541 909 2598 verbis

67 2639 172 2696 magna
185 2621 277 2677 lacere
292 2621 469 2678 demonstrat
484 2628 512 2678 et
527 2621 632 2677 oblitos
646 2640 706 2678 esse
720 2620 826 2678 bellum
838 2621 909 2678 illud

68 2719 153 2755 omne
174 2699 402 2757 Mithridaticum
424 2720 490 2757 cum
511 2700 683 2757 mulierculis
705 2720 764 2758 esse
785 2708 907 2777 gestum.

68 2777 154 2847 Quod
173 2798 226 2855 ego
247 2780 332 2857 longe
354 2799 434 2837 secus
456 2780 597 2849 existimo,
613 2780 737 2837 iudices:
761 2781 853 2857 deque
874 2801 908 2838 eo

67 2878 158 2936 pauca
172 2858 315 2917 disseram.
358 2859 459 2936 Neque
476 2861 552 2916 enim
570 2879 653 2916 eausa
667 2860 697 2916 iu
711 2860 767 2917 hoo
784 2862 909 2918 contine-

68 2948 121 2994 tur.
165 2938 240 2994 Nam
260 2939 283 2994 si
303 2940 400 2996 omnia
415 2939 497 3009 bella,
514 2958 585 3015 quae
605 2959 670 2995 cum
689 2940 805 2997 Graecis
823 2941 909 3016 gessi-

68 3037 140 3089 mus,
156 3019 365 3074 contcmnenda
386 3026 459 3089 sunt,
476 3019 638 3075 derideatur
657 3019 692 3075 de
711 3039 777 3095 rege
796 3019 908 3094 Pyrrho

67 3097 231 3175 triumphus
254 3096 301 3155 Μ’.
318 3098 406 3169 Curii,
425 3099 460 3155 de
483 3098 620 3174 Philippo
645 3099 677 3155 T.
694 3099 854 3169 Flaminini,
873 3099 908 3157 de

68 3178 180 3236 Aetolis
197 3177 235 3234 M.
248 3178 349 3248 Fulvii,
365 3178 400 3234 de
419 3197 486 3254 rege
504 3177 595 3236 Perae
608 3178 821 3243 L.Paixlix,ne
827 3176 928 3226 ‘mx
