1988 3480
71 116 106 164 80
270 112 340 159 rue
359 112 387 159 1,.
400 110 553 161 munima
571 109 715 161 altario.

74 224 100 275 4.
119 218 160 273 rie
178 217 210 285 st,
223 223 255 273 ut
272 234 328 271 non
352 214 436 272 nuliis
457 216 486 271 in
508 212 672 271 civitatibus
687 211 753 273 fieri
774 216 865 290 nolet,
880 236 927 297 pa

74 306 173 354 tumne
190 295 256 351 huie
273 314 373 352 eaume
389 294 502 372 publice.
518 293 792 365 constitueram
808 298 926 373 potiari-

73 394 152 433 umm
171 394 283 431 sirrnmo
305 375 413 431 ironore
433 374 548 431 raifeeto
569 374 705 431 defensor
725 374 859 449 daretur,
876 379 924 456 qui

72 456 174 513 eodem
197 456 304 511 honoro
322 456 467 532 praeditus
483 475 540 511 non
558 454 654 511 minus
674 453 806 513 adferret
825 456 867 515 ad
883 458 924 515 di-

72 536 195 594 cendum
210 536 387 593 auctoritatis
402 554 486 612 qtuun
499 534 651 592 facultatis.
687 532 777 603 Quod
790 536 818 593 si
832 544 921 614 portu

73 616 249 674 solventibus
263 617 290 679 ii,
302 617 351 693 qui
366 616 421 671 iam
437 616 465 671 in
478 624 593 691 portum
608 633 642 671 ex
656 614 715 671 aito
729 614 919 691 invehuntur,

73 698 234 774 praeripere
251 716 364 753 ¹<tutuno
381 694 477 751 attidio
494 694 588 751 solent
603 702 633 751 et
648 700 863 771 tempestatum
877 716 921 755 ra·

72 778 180 834 tima-m
196 784 225 833 et·
236 776 411 851 praedonum
427 782 455 831 et
465 774 602 841 iocorum,
613 774 692 850 quod
702 781 808 833 natura
821 776 920 835 adfert

73 866 105 912 ut-
120 857 160 911 eir
175 856 328 921 fovearum,
341 854 388 931 qui
405 853 503 910 eadem
519 852 651 930 pericula,
664 852 770 930 quibus
786 874 844 913 nos
857 876 920 935 per·

73 936 165 991 fruteti
187 954 293 1003 strenus,
309 933 512 1009 ingrediantur,
529 952 586 1010 quo
606 932 723 991 tande-m
744 952 795 992 me
816 937 917 995 animo

73 1034 132 1067 (mre
150 1021 264 1090 oportet
280 1033 370 1091 prope
387 1015 443 1070 iarn
465 1034 500 1071 ex
516 1032 622 1090 magua
637 1013 792 1071 iactatione
809 1022 915 1077 terram

74 1094 217 1150 videntem
240 1094 267 1150 in
290 1094 374 1165 hunc,
389 1094 435 1150 eui
456 1093 540 1151 video
561 1092 699 1149 maximas
719 1093 761 1150 rei
781 1092 917 1171 publicae

73 1181 257 1250 tempertates
281 1193 341 1231 esse
366 1173 547 1231 subeundast
595 1171 658 1241 Qua
681 1190 711 1230 re
732 1173 758 1230 ai
778 1180 825 1231 est
845 1174 917 1233 boni

73 1254 197 1312 corisulis
211 1274 269 1311 non
287 1254 378 1310 solum
394 1254 573 1331 videtequid
589 1259 699 1330 agatur,
708 1270 808 1309 verum
825 1254 916 1312 etiam

73 1334 221 1411 providere
252 1334 322 1410 quid
349 1335 479 1390 futuram
511 1335 556 1401 sit,
585 1331 734 1391 ost-endam
762 1331 822 1389 aiio
849 1332 916 1392 loeo

74 1422 212 1491 (plantum
230 1414 328 1470 salutis
345 1414 506 1469 eommunis
523 1413 634 1471 intersit
648 1412 720 1469 duos
736 1412 871 1470 eonsules
884 1414 916 1471 in

73 1514 102 1551 re
123 1493 238 1571 publica
256 1493 394 1550 Kalendis
413 1492 551 1549 Ianuariis
572 1512 638 1550 resae.
683 1498 709 1549 5.
724 1489 812 1560 Quod
831 1492 857 1549 si
873 1493 917 1551 in

73 1582 123 1645 est,
140 1593 197 1630 non
215 1582 275 1632 tam
294 1593 341 1632 me
362 1572 488 1631 officium
508 1572 607 1629 debuit
625 1572 663 1629 ad
680 1568 808 1629 hominis
827 1572 916 1631 amici

73 1655 204 1712 fortunas
218 1674 302 1731 quam
321 1653 496 1731 respublica
513 1652 656 1709 consulem
674 1651 710 1707 ad
726 1669 916 1711 communem

72 1734 193 1791 salutem
218 1734 429 1792 defendendam
450 1751 558 1791 vocare.
601 1729 653 1787 ΙΙΙ.
674 1730 750 1787 Nam
771 1730 853 1808 quod
875 1731 916 1791 le-

72 1832 137 1887 gem
164 1814 199 1870 de
224 1814 335 1870 ambitu
356 1813 418 1884 tuli,
437 1820 512 1870 certe
536 1812 577 1869 ita
600 1810 662 1881 tuli,
678 1818 711 1867 ut
737 1828 808 1882 eam,
824 1830 915 1891 quam

72 1892 205 1948 mihimet
226 1893 282 1967 ipsi
307 1893 363 1949 iam
384 1893 497 1969 pridem
518 1891 632 1949 tulerim
653 1891 689 1947 de
713 1889 819 1948 civium
839 1892 916 1970 peri·

72 1971 143 2028 culis
165 1970 362 2044 defendendis,
380 1991 439 2029 non
464 1972 632 2049 abrogarim.
675 1970 790 2028 Etenim
815 1971 840 2029 si
861 1972 915 2031 lar-

72 2051 213 2125 gitionem
232 2051 338 2109 saetam
358 2072 418 2110 erse
437 2051 587 2110 confiterer
602 2052 689 2129 idque
709 2057 785 2108 recte
800 2050 913 2111 factum

72 2150 132 2187 esse
157 2131 349 2205 defenderem,
371 2134 495 2192 facerem
518 2131 656 2209 improbe,
679 2131 766 2190 etiam
791 2132 816 2188 si
840 2132 914 2191 alius

73 2210 164 2285 lipom
192 2213 322 2272 tulisset:
351 2234 417 2273 eum
445 2234 512 2272 vero
540 2214 610 2270 nihil
637 2212 822 2271 commissum
846 2230 914 2270 non-

71 2299 116 2349 tra
136 2292 228 2367 legem
249 2314 308 2353 resae
327 2295 490 2365 defendam,
504 2294 573 2370 quid
594 2292 735 2370 estquod
755 2311 849 2350 meam
866 2292 914 2351 de·

73 2372 232 2431 inrisionem
247 2375 316 2434 latio
332 2376 402 2451 legis
416 2374 574 2453 impediat?
616 2380 641 2430 6.
658 2373 753 2450 Negat
767 2391 828 2430 esse
841 2371 914 2431 eius-

72 2453 136 2511 dem
155 2457 312 2515 severitatis
326 2457 481 2516 Catilinam
499 2453 618 2510 exitium
635 2454 676 2510 rei
693 2453 823 2531 publicae
837 2451 914 2509 intra

72 2536 186 2593 momia
202 2538 367 2597 molientem
386 2535 479 2595 verbis
496 2539 525 2590 et
541 2552 631 2609 paene
647 2533 769 2610 imperio
783 2531 854 2589 urbe
867 2550 915 2589 ex·

85 2614 176 2671 uiliore
197 2624 226 2673 et
244 2635 318 2673 nune
336 2636 387 2694 pro
406 2616 435 2672 L.
447 2614 567 2670 Murena
588 2612 688 2669 dicere.
730 2612 794 2689 Ego
816 2618 914 2670 autem

85 2710 123 2745 rao
140 2701 233 2765 parter
248 2695 373 2753 lenitatis
390 2702 419 2752 et
433 2691 652 2763 misericordiae,
665 2711 735 2768 quas
751 2711 798 2749 me
811 2697 914 2749 natura

72 2768 134 2844 ipsa
148 2769 254 2843 (benit,
267 2792 378 2849 seraper
392 2773 438 2847 egi
452 2772 581 2842 libenter,
591 2771 669 2828 illam
683 2791 750 2829 vero
764 2770 914 2848 gravitatis

72 2848 284 2927 severitatisque
298 2871 449 2928 personam
464 2870 522 2906 non
537 2851 671 2927 appetivi,
684 2851 734 2908 sed
748 2852 783 2908 ab
798 2871 828 2908 re
842 2851 912 2928 pub

71 2926 126 2984 iiea
140 2928 212 2985 mihi
226 2930 390 3005 impositam
406 2930 537 3000 sustinui,
548 2931 621 2987 sieut
631 2930 717 2987 huius
727 2931 840 3007 imperii
852 2931 913 3008 dig-

72 3007 147 3063 nitas
167 3008 197 3063 in
217 3028 330 3065 sirnnno
348 3009 474 3086 periculo
495 3009 600 3065 civium
618 3009 787 3086 postulabat.
827 3009 912 3078 Quod

72 3086 96 3142 si
110 3093 182 3157 turm,
195 3106 260 3144 eum
275 3108 319 3145 res
333 3089 448 3165 publica
461 3088 519 3145 vim
537 3095 566 3145 et
580 3089 759 3146 severitatem
774 3089 912 3146 desidera-

72 3163 130 3238 bat,
139 3166 194 3223 viei
204 3174 336 3225 naturam
350 3175 450 3227 ettam
462 3166 613 3225 vehemens
627 3168 671 3225 fui
684 3187 768 3246 quam
780 3168 911 3244 cogebar,
