1988 3480
291 329 370 378 ear.
388 328 528 389 vui-x,
545 326 559 386 e
576 330 662 378 ra-ae.
852 333 897 377 au

61 432 145 490 eisset
160 432 250 508 iisque
265 429 400 508 oppilatis
413 429 557 506 impetum
569 435 652 486 tuum
669 431 901 507 compressisset?

61 511 147 580 Quod
161 511 277 588 quidem
293 529 349 588 ego
365 509 469 566 favisse
486 529 532 566 me
548 509 603 567 tibi
617 510 717 580 fateor,
731 511 850 568 suasisse
864 532 900 570 ne

50 599 94 653 ,tu
105 591 220 668 quidem
236 591 314 647 dieis.
353 588 395 646 At
409 589 510 645 Miloni
525 608 560 646 ue
574 590 798 667 faverequidem
809 594 898 669 potui.

60 671 146 728 Prius
163 672 239 727 enim
256 690 316 727 rem
333 670 471 746 transegit
489 688 574 746 quam
593 671 743 746 quisquam
761 691 826 728 eum
844 673 901 729 fac-

60 758 158 808 turum
178 751 210 807 id
232 751 429 827 suspicaretur.
472 748 514 805 At
537 768 590 825 ego
616 751 698 806 suasi.
742 751 856 808 Scilicet
877 754 900 808 is

60 831 173 888 animus
194 837 253 887 erat
277 830 401 901 Milonis,
417 835 449 886 ut
469 829 604 905 prodesse
628 831 668 887 rei
689 830 819 907 publicae
840 832 900 888 sine

61 930 174 967 suasore
190 930 249 967 non
264 915 368 987 posset.
410 909 453 966 At
469 909 590 966 laetatus
607 929 679 967 sum.
722 909 799 978 Quid
816 913 900 987 ergol

60 991 90 1047 in
107 997 188 1047 tauta
204 990 311 1047 laetitia
327 995 446 1047 cunetae
467 989 591 1046 civitatis
612 1009 658 1047 me
678 1009 768 1047 uuum
789 991 899 1048 tristem

60 1089 121 1126 esse
145 1068 315 1147 oportebat?
357 1075 403 1126 22.
422 1068 601 1146 Quamquam
628 1070 663 1127 de
687 1068 781 1127 morte
805 1069 900 1126 Clodii

59 1149 118 1207 luit
133 1150 261 1226 quaestio
275 1169 334 1207 non
351 1149 419 1207 satis
433 1150 590 1226 prudentor
603 1149 652 1207 illa
666 1150 782 1227 quidem
797 1151 901 1207 eonsti-

59 1236 130 1286 tuta.
172 1229 249 1297 Quid
266 1231 343 1288 enim
364 1229 505 1288 attinebat
525 1249 600 1288 nova
616 1231 678 1306 lege
693 1230 790 1306 quaeri
804 1230 839 1287 de
857 1250 899 1301 e0,

60 1309 109 1387 qui
128 1308 275 1367 hominem
296 1309 455 1381 occidisset,
468 1329 533 1367 eum
550 1311 624 1368 esset
640 1310 752 1386 legibus
770 1311 900 1387 quaestio

59 1389 233 1446 constituta?
255 1390 414 1466 quaesitum
428 1398 472 1447 est
486 1397 591 1447 tamen.
627 1389 713 1457 Quod
727 1390 822 1465 igitur,
835 1409 899 1445 cum

59 1488 103 1526 res
120 1469 264 1544 agebatur,
277 1489 363 1526 nemo
380 1471 411 1524 in
428 1489 473 1526 me
488 1470 569 1539 dixit,
583 1470 612 1525 id
629 1476 674 1526 tot
690 1470 772 1524 annis
789 1476 855 1545 post
869 1476 900 1524 tu

59 1568 90 1605 es
104 1549 236 1604 inventus
251 1550 300 1624 qui
315 1549 441 1604 diceres?

101 1634 147 1683 23.
161 1627 246 1694 Quod
259 1647 324 1684 vero
339 1628 433 1684 dicere
447 1647 531 1683 ausus
545 1647 574 1683 es
589 1627 675 1703 idque
689 1627 788 1684 multis
799 1627 899 1698 verbiS,

60 1726 148 1782 opera
162 1727 226 1763 mea
236 1707 408 1783 Pompeium
421 1727 438 1763 a
448 1707 575 1764 Caesaris
586 1707 712 1764 amicitia
723 1727 782 1764 esse
793 1707 902 1764 diiunc-

60 1794 123 1842 tum
141 1786 178 1842 ob
193 1806 312 1862 eamque
327 1806 440 1843 causam
455 1787 538 1863 culpa
551 1807 615 1844 mea
624 1787 730 1844 bellum
746 1787 827 1844 civile
842 1807 901 1844 esse

61 1875 170 1936 natum,
181 1867 210 1922 iu
226 1886 259 1923 eo
274 1885 332 1923 non
349 1875 382 1923 tn
396 1867 513 1942 quidem
530 1874 593 1923 tota
609 1887 646 1937 re,
659 1867 717 1937 sed,
731 1868 809 1944 quod
825 1886 902 1923 max-

61 1947 152 2002 imum
174 1954 225 2016 est,
241 1945 419 2022 temporibus
441 1946 547 2004 errasti.
590 1946 627 2003 X.
646 1947 709 2023 Ego
731 1947 769 2004 M.
785 1946 900 2018 Bibulo,

61 2025 306 2102 praestantissimo
321 2021 389 2096 eive,¹
402 2026 518 2082 consule
531 2025 603 2083 nihil
618 2026 803 2103 praetermisi,
816 2045 901 2103 quau·

61 2113 123 2162 tum
135 2106 229 2163 facere
244 2105 371 2182 enitique
382 2106 474 2182 potui,
482 2107 552 2182 quin
563 2106 735 2182 Pompeium
748 2126 765 2163 a
775 2106 901 2163 Caesaris

61 2186 264 2243 coniunctione
279 2205 434 2242 evocarem.
471 2185 505 2242 lu
520 2205 577 2262 quo
592 2185 696 2243 Caesar
709 2185 821 2242 felicior
834 2186 899 2242 fuit.

61 2263 127 2342 Ipse
148 2266 224 2323 enim
243 2265 415 2342 Pompeium
437 2285 454 2322 a
474 2285 538 2321 mea
554 2265 748 2323 familiaritate
768 2265 899 2322 diiunxit.

62 2343 167 2402 Postea
182 2365 248 2402 vero
263 2365 348 2422 quam
363 2366 392 2402 se
407 2353 500 2402 totum
517 2345 674 2421 Pompeius
689 2345 801 2402 Caesari
815 2345 901 2402 tradi-

62 2425 114 2493 dit,
124 2426 198 2501 quid
208 2445 261 2501 ego
277 2425 357 2481 illum
373 2425 408 2480 ab
424 2444 458 2480 eo
473 2425 628 2481 distrahere
646 2421 779 2481 conarer?
814 2425 901 2481 Stulti

63 2512 123 2560 erat
148 2523 267 2580 sperare,
283 2505 399 2560 suadere
424 2505 607 2580 impudentis,
651 2509 697 2560 24.
716 2504 783 2559 Duo
805 2512 901 2560 tamen

63 2590 194 2659 tempora
212 2583 381 2652 inciderunt,
393 2583 496 2658 quibus
513 2583 621 2660 aliquid
638 2590 737 2639 contra
753 2582 901 2639 Caesarem

65 2660 205 2738 Pompeio
220 2664 364 2718 suaserim.
400 2663 443 2718 Ea
457 2663 541 2719 velim
556 2662 753 2740 reprehendas,
766 2663 789 2718 si
804 2670 900 2738 potes:

64 2762 162 2811 unum,
172 2761 208 2798 ne
223 2742 409 2818 quinquennii
425 2743 577 2818 imperium
592 2742 705 2799 Caesari
719 2751 900 2818 prorogaret:
928 2767 936 2780 ·

64 2822 241 2892 alterumue
255 2825 400 2897 pateretur
415 2822 484 2879 ferri
502 2830 534 2878 ut
550 2821 675 2878 absentis
692 2821 752 2877 eius
768 2822 841 2877 ratio
856 2821 903 2876 lra—

64 2901 184 2958 beretur.
228 2900 356 2969 Quorum
378 2901 402 2957 si
423 2901 563 2958 utrumvis
582 2901 791 2977 persuasissem,
803 2901 832 2955 in
852 2899 903 2955 has

65 2981 191 3037 miserias
208 3000 364 3057 numquam
382 2981 587 3038 incidissemus.
629 2981 728 3056 Atque
744 2979 821 3036 idem
839 2999 901 3055 ego,

65 3079 129 3117 eum
142 3061 198 3116 iam
214 3080 283 3137 opes
297 3080 397 3117 omnes
411 3068 440 3117 et
451 3080 515 3117 suas
530 3068 558 3117 ct
572 3058 672 3137 populi
683 3059 807 3115 Romani
819 3059 903 3115 Pom-

64 3141 146 3219 peius
162 3140 199 3197 ad
214 3140 362 3197 Caesarem
377 3140 534 3209 detulisset,
544 3158 663 3215 seroque
678 3158 710 3196 ea
724 3139 828 3196 sentire
843 3157 905 3195 eoe-

64 3220 160 3297 pisset,
171 3239 243 3296 quae
254 3219 346 3276 multo
357 3229 422 3277 ante
431 3221 619 3297 provideram,
630 3219 785 3295 inferrique
796 3218 903 3295 patriae

64 3298 170 3356 bellum
191 3299 314 3356 viderem
336 3300 486 3369 nefarium,
502 3300 588 3376 pecie,
600 3298 783 3366 concordiae,
791 3315 913 3366 comps

63 3379 175 3434 sitieris
191 3386 292 3436 auctor
310 3398 371 3437 esse
390 3399 451 3437 non
469 3380 583 3453 destiti,
596 3395 727 3455 meaque
738 3374 876 3430 'thaam
890 3371 943 3418 est
