1988 3480
346 117 648 180 acerrima-r.
889 123 931 189 ca

81 222 327 292 antecedebam
342 241 359 278 a
372 227 472 278 senatu
487 226 515 278 et
529 240 547 277 a
560 219 642 277 vobis
655 220 810 276 manifesto
818 220 928 298 depre·

82 303 261 360 hondcrotur.
306 308 331 358 5.
351 301 451 377 ltaque
473 300 605 358 hesterno
627 300 673 356 die
696 300 726 357 L.
740 300 872 357 Flaccum
893 307 921 358 ct

81 383 114 440 O.
131 382 319 459 Pomptinum
335 388 486 458 praetores,
500 381 671 438 fortissimos
688 387 773 456 atque
790 381 922 437 amantis-

82 465 170 519 simos
187 463 227 519 rei
241 461 371 538 publicae
388 461 471 531 viros,
484 461 521 517 ad
534 481 580 517 mc
590 461 702 531 rocavi,
715 480 774 516 rem
792 461 919 537 exposui,

82 544 152 619 qnid
165 543 226 600 fieri
240 542 364 619 placeret
378 541 498 598 ostendi
535 540 580 596 llli
594 547 698 610 autem,
712 540 760 616 qni
775 541 872 597 omnia
885 540 921 598 de

82 643 112 680 re
136 622 251 699 publica
274 621 417 698 praeclara
442 628 529 697 atquc
555 620 670 697 egregia
696 620 842 691 sentirent,
861 621 921 678 sine

81 703 258 761 recusatione
275 722 308 759 ac
325 703 386 759 sine
400 701 458 758 ulla
474 720 555 757 mora
571 700 720 776 negotium
737 707 921 776 susceperunt

81 790 118 854 et,
129 802 194 840 cum
209 783 460 858 advesperasceret,
472 779 582 837 occulte
596 780 634 836 ad
647 786 766 856 pontem
781 779 925 836 Mulvium·

81 869 270 939 pervenerunt
284 870 369 939 atquc
382 861 425 919 ibi
439 862 469 918 in
483 860 622 937 proximis
639 859 713 916 villis
730 859 770 916 ita
784 859 921 936 bipertito

79 943 206 1013 fuerunt,
218 950 251 1000 ut
264 942 375 999 Tiberis
388 943 464 999 inter
477 961 526 998 eos
544 948 572 998 et
586 959 660 1016 pons
673 940 828 997 interesset.
867 939 922 996 Eo

79 1023 146 1079 dom
161 1030 257 1080 autem
274 1029 303 1080 ct
317 1023 372 1099 ipsi
387 1023 447 1079 sine
461 1021 629 1097 cuiusquam
644 1019 801 1097 suspitione
813 1019 922 1076 multos

78 1103 170 1160 fortes
184 1103 259 1159 viros
272 1102 436 1172 eduxerant,
449 1109 478 1159 ct
493 1121 546 1178 ego
561 1121 596 1159 ex
609 1101 788 1177 praefectura
801 1099 922 1157 Reatina

78 1182 240 1260 complures
257 1182 383 1240 delectos
398 1181 601 1251 adolescentes
614 1200 736 1256 quorum
754 1200 840 1257 opera
856 1187 922 1237 utor

78 1262 198 1320 adsidue
209 1263 239 1319 in
251 1262 414 1339 republica,
427 1261 570 1338 praesidio
584 1280 650 1317 cum
664 1260 768 1336 gladiis
779 1261 919 1317 miseram.

79 1347 107 1398 6.
128 1342 248 1399 Iutcrim
267 1343 351 1400 tertia
369 1343 429 1399 fere
448 1341 547 1417 vigilia
568 1347 673 1410 exacta,
690 1360 755 1399 oum
775 1341 832 1396 iam
851 1359 921 1416 pon-

77 1428 139 1477 tem
151 1421 291 1478 Mulvium
303 1441 412 1497 magno
427 1423 565 1478 comitatu
577 1420 663 1497 legati
675 1420 865 1496 Allobrogum
880 1420 921 1475 in-

79 1500 161 1576 gredi
179 1501 337 1576 inciperent
354 1520 466 1577 unaquc
478 1500 653 1570 Volturcius,
669 1499 703 1556 fit
720 1501 750 1556 in
767 1519 815 1557 eos
832 1499 921 1576 impc

79 1587 141 1636 tus:
157 1580 317 1638 educuntur
328 1587 357 1637 et
366 1580 403 1636 ab
411 1580 468 1636 illis
478 1580 605 1655 gladiiet
616 1580 753 1636 anostris.
777 1579 835 1636 Ros
842 1599 921 1655 prae-

77 1659 191 1716 toribus
212 1667 272 1716 crat
292 1667 362 1716 nota
382 1660 457 1730 solis,
474 1659 659 1735 ignorabatur
679 1679 696 1715 a
716 1659 824 1716 ceteris.
865 1658 918 1716 llL

78 1739 155 1796 Tum
172 1739 333 1797 interventu
351 1739 502 1816 Pomptini
519 1746 604 1816 atquc
621 1738 714 1796 Flacci
730 1757 835 1814 pugna,
846 1757 920 1815 quac

78 1826 140 1877 erat
154 1819 313 1891 commissa,
327 1819 448 1877 sedatur.
488 1819 619 1890 Litterae,
630 1837 825 1896 quaecumque
840 1826 920 1877 erant

78 1899 109 1956 in
121 1919 155 1957 eo
166 1900 316 1971 comitatu,
328 1899 447 1976 integris
457 1899 547 1975 signis
558 1899 737 1975 praetoribus
750 1898 918 1957 traduntur:

78 1979 134 2056 ipsi
156 1979 353 2056 comprehensi
374 1980 412 2036 ad
430 1999 484 2050 me,
501 1998 566 2035 oum
588 1979 645 2036 iam
665 1979 856 2050 dilucesceret,
873 1978 920 2036 de-

77 2059 229 2117 ducuntur.
272 2059 369 2136 Atque
386 2059 489 2116 horum
511 2059 642 2116 omnium
661 2058 797 2116 scelerum
814 2058 919 2135 impro
966 2057 970 2063 ’

78 2137 228 2196 bissimum
245 2139 469 2197 machinatorem
485 2138 635 2196 Cimbrum
648 2138 805 2196 Gabinium
820 2139 918 2195 statim

77 2218 116 2275 ad
133 2239 188 2289 me,
204 2218 346 2276 nihildum
369 2219 569 2295 suspicantem,
582 2219 697 2276 vocavi:
723 2219 827 2276 deinde
848 2219 918 2275 item

77 2299 227 2356 arcessitus
244 2305 288 2355 est
304 2298 335 2355 L.
348 2297 478 2356 Statilius
490 2304 524 2355 ct
540 2306 607 2374 post
621 2317 689 2355 eum
711 2297 742 2356 O.
755 2298 917 2375 Cethegus:

77 2378 239 2435 tardissime
254 2385 352 2435 autern
370 2377 507 2435 Lentulus
523 2378 610 2449 venit,
626 2379 711 2435 credo
733 2378 811 2454 quod
828 2379 857 2434 in
874 2377 919 2434 lit·

77 2458 146 2514 teris
166 2457 269 2514 dandis
289 2464 401 2533 praeter
420 2457 659 2515 consuetudinem
682 2458 813 2534 proxima
833 2464 917 2514 nocte

78 2537 250 2612 vigilaverat.
295 2538 320 2595 7.
343 2536 418 2594 Cum
445 2537 566 2598 summis
592 2543 622 2594 et
647 2537 809 2593 clarissimis
833 2537 918 2593 huius

78 2617 201 2673 civitatis
217 2617 293 2687 viris,
306 2617 355 2693 qui
373 2617 471 2674 audita
487 2636 517 2674 re
532 2616 697 2694 trequentes
718 2617 755 2672 ad
771 2636 817 2674 mo
833 2636 918 2674 manc

78 2703 276 2767 convenerant,
288 2696 396 2755 litteras
412 2717 430 2754 a
445 2716 492 2754 mc
508 2697 588 2773 prins
604 2696 707 2773 aperiri
725 2714 809 2772 quam
827 2696 864 2753 ad
878 2716 918 2754 se

78 2782 177 2832 natum
199 2776 303 2834 deferri
324 2776 455 2853 placeret,
471 2796 515 2847 ne,
531 2777 555 2833 si
574 2775 646 2833 nihil
665 2783 738 2833 esset
758 2776 916 2848 inventum,

76 2862 184 2912 temere
199 2875 218 2912 a
233 2874 280 2913 me
300 2863 397 2913 tantus
413 2857 554 2914 tumultus
573 2857 695 2913 iniectus
716 2856 825 2914 civitati
843 2857 916 2913 vide

77 2942 162 3005 retur,
178 2936 279 3012 negavi
296 2956 343 2994 me
364 2956 423 2994 esse
440 2937 584 2993 facturum
602 2943 634 2992 ut
651 2936 687 2992 de
704 2937 830 3012 periculo
847 2935 918 3012 pub-

76 3015 132 3072 lico
147 3034 205 3072 non
220 3015 257 3071 ad
267 3015 421 3073 ,consilium
435 3016 583 3093 publicum
597 3035 657 3072 rem
672 3015 812 3092 integram
827 3016 918 3074 defer·

76 3114 145 3153 rem.
188 3095 313 3166 Etenim,
326 3094 460 3166 Quirites,
476 3096 500 3153 si
516 3114 642 3171 eaquae
661 3103 741 3153 erant
757 3096 794 3153 ad
810 3115 857 3153 mc
871 3096 917 3153 de

76 3174 141 3246 lata,
154 3181 267 3252 reperta
280 3193 339 3232 non
353 3181 455 3244 essent,
465 3182 561 3233 tamon
576 3193 630 3251 ego
645 3194 706 3234 nou
718 3174 878 3256 arbitrabar
886 3176 928 3228 hs
