1988 3480
69 116 120 163 250
145 114 181 163 IN
202 113 237 162 M.
252 109 446 161 axaoslu'ai
463 109 600 160 oaarlo
616 110 849 165 PHILIPPICA
863 114 897 166 II.

71 225 147 291 peto.
160 223 200 275 ut.
213 230 384 289 qnaruquaru
401 209 495 269 multo
511 211 629 270 notiora
643 213 736 272 vobis
753 218 846 294 quam
858 217 921 275 mibi

71 305 145 357 snut,
159 304 262 355 taurea,
274 301 304 350 nt
319 291 422 361 facitis,
432 300 542 349 attente
555 292 694 352 audiatis.
734 295 839 356 Debet
855 299 920 356 euim

71 372 175 429 talibus
193 373 220 428 in
241 373 323 429 rebus
339 371 461 429 excitare
475 370 588 428 animos
602 391 665 430 aon
681 377 825 449 cognitio
839 378 920 435 solnm

71 472 173 523 rernm,
187 453 236 509 sed
253 453 339 509 etiam
355 451 531 520 recordatio:
553 452 608 508 etsi
624 442 802 526 incidamus
817 465 921 536 oportet

72 533 173 599 media,
186 552 222 589 ne
237 533 322 589 nimis
336 551 398 589 sero
412 531 449 588 ad
462 541 590 589 extrema
603 534 774 602 veniamus.
826 602 831 607 ,

111 619 158 669 48.
175 613 298 670 intimus
312 623 371 670 ertu
386 612 415 669 iu
429 611 577 669 tribunatu
590 611 784 694 Clodio,‚qui
800 638 854 676 sna
866 637 924 695 erga

71 712 117 751 me
135 693 271 750 ireneticia
290 700 512 759 curmnemorat:
536 692 598 761 cius
618 695 774 767 omnium¹
787 699 925 756 incendio

71 792 133 830 mm
147 774 204 840 fax,
216 774 297 839 (nius
312 772 397 829 etium
409 771 488 828 domi
504 771 560 840 iam
571 778 635 828 tum
647 774 803 848 quiddam
815 779 925 835 molitus

72 866 123 910 est.
166 853 243 921 Quid
261 852 353 909 dicam
373 853 433 928 ipse
454 851 564 927 optime
584 850 738 930 inteiligit.
788 857 863 915 Inde
880 859 926 915 iter

74 933 279 988 Alexandream
292 942 392 988 contra
402 931 861 1007 senatusauctoritatem,c0ntra
872 956 925 994 rem

73 1013 215 1088 publicam
237 1019 264 1067 et
289 1011 457 1083 religiones:
486 1010 536 1067 scd
557 1010 684 1069 habebat
709 1014 825 1085 ducem
848 1017 926 1075 Gabi-

72 1092 161 1157 uirun,
174 1091 289 1167 quicum
306 1090 419 1166 quidvis
436 1090 591 1147 rectissime
605 1091 703 1149 facere
719 1104 845 1170 posset,
875 1096 925 1165 Qui

72 1179 134 1228 tum
153 1171 218 1227 inde
236 1170 344 1226 reditus
360 1177 410 1226 aut
427 1169 536 1247 qualis?
556 1171 636 1246 prius
652 1171 683 1227 in
703 1173 849 1249 ultimam
866 1175 924 1234 Gal·

74 1251 139 1309 liam
150 1272 183 1308 ex
194 1255 330 1328 Aegypto
342 1270 426 1327 quam
439 1251 566 1307 domum.
597 1248 677 1318 Quae
688 1260 795 1311 autem
809 1256 924 1313 domusi

73 1335 160 1388 Suam
182 1332 258 1388 enim
281 1331 400 1407 quisquc
423 1330 542 1386 domum
566 1337 629 1386 tum
652 1330 816 1392 obtinebat
838 1354 924 1413 neque

73 1421 132 1469 erat
147 1431 266 1489 nsquam
282 1420 338 1467 tua
381 1409 509 1466 Domum
524 1408 608 1467 dicei
649 1408 732 1478 Quid
747 1421 814 1471 erat
829 1415 861 1471 in
876 1425 925 1473 ter

74 1493 111 1547 ris
127 1492 175 1548 nbi
187 1493 216 1548 iu
228 1499 279 1547 tuo
290 1490 392 1567 pedem
404 1509 524 1566 poneres
535 1495 646 1566 practer
660 1508 755 1547 unum
768 1492 923 1564 Misenum,

74 1572 228 1648 (prodeam
240 1571 325 1627 sociis
335 1579 482 1646 tamquam
494 1569 662 1645 Sisaponem
674 1569 821 1630 tenebas?
857 1575 923 1632 XX.

74 1657 120 1708 49.
134 1651 246 1709 Venisti
261 1670 276 1707 e
287 1649 380 1707 Gallia
393 1650 430 1706 ad
441 1655 621 1726 quaesturam
632 1650 802 1725 petendam.
840 1654 924 1711 Ande

74 1730 167 1788 dicere
184 1738 213 1788 tc
231 1731 309 1808 prius
329 1730 365 1787 ad
382 1737 529 1807 parentem
546 1736 626 1786 tuam
643 1729 757 1788 venisse
776 1752 870 1810 quam
889 1733 924 1791 ad

73 1830 128 1868 mc.
171 1808 345 1887 Acceperam
364 1810 420 1866 iam
438 1817 504 1867 ante
519 1808 646 1867 Caesaris
663 1808 785 1881 litteras,
798 1821 834 1870 ut
852 1814 924 1871 mihi

74 1889 217 1948 satisfieri
233 1899 343 1967 paterer
356 1909 373 1945 a
387 1896 423 1946 te.
460 1889 560 1965 Itaque
574 1908 609 1946 nc
624 1888 703 1964 loqui
718 1890 843 1966 quidem
859 1913 922 1950 snm

73 1977 103 2027 tc
120 1990 218 2046 passus
239 1970 275 2025 dc
291 1968 390 2044 gratia.
433 1968 540 2026 Postea
560 1987 622 2025 sum
644 1966 738 2025 cultus
760 1989 779 2026 a
800 1978 840 2044 te,
857 1980 924 2030 tna

73 2069 119 2105 mc
135 2049 300 2105 observatus
314 2048 343 2102 in
359 2047 499 2122 petitione
511 2056 684 2124 quaesturae.
720 2047 789 2116 Quo
801 2053 922 2128 quidem

73 2136 202 2204 tempore
220 2127 251 2184 P.
263 2126 399 2183 Clodium
416 2127 592 2203 approbante
609 2127 717 2205 populo
735 2127 876 2188 Romano
892 2133 922 2189 iu

73 2208 139 2265 foro
151 2227 180 2264 es
191 2213 310 2264 conatus
324 2206 592 2284 occideracnmqnc
603 2227 665 2278 eam
677 2226 736 2264 rem
748 2216 801 2266 tua
815 2221 922 2287 sponte

74 2307 214 2360 conarere,
232 2307 291 2355 uon
313 2286 438 2364 impulsu
459 2306 537 2358 meo,
548 2296 644 2357 tamen
661 2287 702 2343 ita
722 2289 921 2363 praedicabas,

74 2375 103 2427 te
124 2389 182 2426 non
203 2369 372 2438 existimare,
388 2368 443 2424 nisi
462 2367 549 2437 illum⁸
557 2366 762 2438 interfecisses,
777 2387 922 2446 umquam

74 2449 146 2506 mihi
171 2469 223 2526 pro
247 2450 305 2507 tuis
330 2449 359 2504 in
380 2467 427 2505 me
451 2446 656 2518 iniuriis-satis
680 2466 740 2515 csse
761 2448 920 2507 facturum.

74 2527 109 2584 In
121 2549 178 2605 quo
193 2529 318 2586 demiror
331 2547 381 2585 cur
394 2528 532 2586 Milonem
544 2525 669 2603 impulsu
683 2545 748 2583 meo
763 2546 825 2584 rem
840 2528 921 2586 illam

74 2609 166 2684 egisse
177 2609 262 2678 dicas,
273 2627 337 2665 cum
352 2615 381 2664 tc
395 2609 471 2665 ultro
485 2607 557 2664 mihi
568 2607 645 2664 idem
657 2606 727 2662 illud
738 2605 921 2665 deferentem

74 2705 232 2765 numquam
247 2688 299 2744 sim
315 2685 489 2745 adhortatus.
525 2687 714 2763 Quamquam,
727 2686 750 2741 si
765 2686 795 2742 in
810 2705 846 2743 eo
857 2706 922 2764 per·

75 2785 223 2838 severanus,
235 2768 272 2824 ad
283 2775 361 2824 tuam
372 2767 493 2843 gloriam
504 2786 563 2823 rem
576 2767 653 2823 illam
664 2765 763 2822 referri
775 2764 921 2824 malebam

76 2864 161 2922 qnam
183 2847 219 2904 ad
241 2866 334 2903 meam
357 2847 486 2923 gratiam.
530 2852 576 2902 50.
592 2845 733 2915 Quaestor
753 2864 783 2901 cs
803 2845 920 2904 factus:

76 2925 180 2983 deinde
204 2927 342 2994 continuo
367 2927 427 2991 siue
452 2931 566 2982 senatus
588 2925 728 2994 consulto,
744 2924 804 2980 sine
829 2933 919 2998 sorte,

76 3005 136 3062 sinc
159 3006 222 3083 lege
246 3006 283 3062 ad
302 3006 450 3074 Gaesarem
473 3005 630 3081 cucurristi.
674 3004 708 3061 ld
727 3003 804 3060 enim
825 3022 920 3061 unum

76 3083 105 3139 in
117 3086 200 3142 terris
211 3086 352 3162 egestatis,
363 3085 434 3140 aeris
448 3083 541 3153 alicui,
553 3084 698 3160 nequitiae
709 3082 829 3159 perditis
840 3084 920 3141 vitae

77 3164 235 3221 rationibus
254 3163 418 3240 perfugium
440 3183 500 3219 esse
521 3163 651 3220 ducebas.
695 3162 739 3219 Ibi
756 3168 785 3218 to
802 3180 868 3218 cum
888 3169 920 3216 et
