<?xml version="1.0" encoding="UTF-8"?>
<!DOCTYPE html PUBLIC "-//W3C//DTD XHTML 1.0 Transitional//EN"
    "http://www.w3.org/TR/xhtml1/DTD/xhtml1-transitional.dtd">
<html xmlns="http://www.w3.org/1999/xhtml" xml:lang="en" lang="en">
 <head>
  <title>
</title>
<meta http-equiv="Content-Type" content="text/html;charset=utf-8" />
  <meta name='ocr-system' content='tesseract 3.04.00' />
  <meta name='ocr-capabilities' content='ocr_page ocr_carea ocr_par ocr_line ocrx_word'/>
</head>
<body>
  <div class='ocr_page' id='page_1' title='image "./mtulliiciceroni32cicegoog_0107.png"; bbox 0 0 1988 3480; ppageno 0'>
   <div class='ocr_carea' id='block_1_1' title="bbox 96 116 743 169">
    <p class='ocr_par' dir='ltr' id='par_1_1' title="bbox 96 116 743 169">
     <span class='ocr_line' id='line_1_1' title="bbox 96 116 743 169; baseline -0.002 0"><span class='ocrx_word' id='word_1_1' title='bbox 96 124 129 169; x_wconf 66' lang='lat'>92</span> <span class='ocrx_word' id='word_1_2' title='bbox 295 118 363 167; x_wconf 83' lang='lat' dir='ltr'>l&#39;llt)</span> <span class='ocrx_word' id='word_1_3' title='bbox 380 118 410 167; x_wconf 93' lang='lat' dir='ltr'>L.</span> <span class='ocrx_word' id='word_1_4' title='bbox 427 116 580 167; x_wconf 69' lang='lat' dir='ltr'>multumt</span> <span class='ocrx_word' id='word_1_5' title='bbox 596 116 743 169; x_wconf 77' lang='lat' dir='ltr'><strong>ORATIO.</strong></span> 
     </span>
    </p>
   </div>
   <div class='ocr_carea' id='block_1_2' title="bbox 62 218 984 3250">
    <p class='ocr_par' dir='ltr' id='par_1_2' title="bbox 62 218 984 3250">
     <span class='ocr_line' id='line_1_2' title="bbox 97 218 984 299; baseline 0.009 -24"><span class='ocrx_word' id='word_1_6' title='bbox 97 220 269 297; x_wconf 61' lang='lat' dir='ltr'>‹ltqrhilippo</span> <span class='ocrx_word' id='word_1_7' title='bbox 283 220 317 289; x_wconf 86' lang='lat' dir='ltr'>Q.</span> <span class='ocrx_word' id='word_1_8' title='bbox 329 220 445 291; x_wconf 80' lang='lat' dir='ltr'>Metelli,</span> <span class='ocrx_word' id='word_1_9' title='bbox 457 220 493 277; x_wconf 91' lang='lat' dir='ltr'>de</span> <span class='ocrx_word' id='word_1_10' title='bbox 507 218 666 277; x_wconf 76' lang='lat' dir='ltr'>Corinthiis</span> <span class='ocrx_word' id='word_1_11' title='bbox 679 218 710 279; x_wconf 79' lang='lat' dir='ltr'><strong>L</strong></span> <span class='ocrx_word' id='word_1_12' title='bbox 721 218 889 283; x_wconf 85' lang='lat' dir='ltr'>Mummii:</span> <span class='ocrx_word' id='word_1_13' title='bbox 914 234 984 299; x_wconf 64' lang='lat' dir='ltr'>si„</span> 
     </span>
     <span class='ocr_line' id='line_1_3' title="bbox 99 300 981 381; baseline 0.007 -24"><span class='ocrx_word' id='word_1_14' title='bbox 99 303 165 357; x_wconf 76' lang='lat' dir='ltr'>haer</span> <span class='ocrx_word' id='word_1_15' title='bbox 189 300 261 357; x_wconf 79' lang='lat' dir='ltr'>holla</span> <span class='ocrx_word' id='word_1_16' title='bbox 280 301 447 373; x_wconf 59' lang='lat' dir='ltr'>nutrias-inm</span> <span class='ocrx_word' id='word_1_17' title='bbox 467 300 657 377; x_wconf 79' lang='lat' dir='ltr'>victoriaeque</span> <span class='ocrx_word' id='word_1_18' title='bbox 677 318 782 359; x_wconf 84' lang='lat' dir='ltr'>eorum</span> <span class='ocrx_word' id='word_1_19' title='bbox 805 302 981 381; x_wconf 72' lang='lat' dir='ltr'>bellorum</span> 
     </span>
     <span class='ocr_line' id='line_1_4' title="bbox 97 380 973 462; baseline 0.009 -27"><span class='ocrx_word' id='word_1_20' title='bbox 97 381 267 437; x_wconf 63' lang='lat' dir='ltr'>clariss-inrue</span> <span class='ocrx_word' id='word_1_21' title='bbox 282 382 406 441; x_wconf 78' lang='lat' dir='ltr'>t&#39;uemnt,</span> <span class='ocrx_word' id='word_1_22' title='bbox 418 400 469 436; x_wconf 82' lang='lat' dir='ltr'>cur</span> <span class='ocrx_word' id='word_1_23' title='bbox 482 380 624 437; x_wconf 73' lang='lat' dir='ltr'>Asiaticae</span> <span class='ocrx_word' id='word_1_24' title='bbox 641 380 777 438; x_wconf 84' lang='lat' dir='ltr'>nationes</span> <span class='ocrx_word' id='word_1_25' title='bbox 792 390 889 462; x_wconf 85' lang='lat' dir='ltr'>atque</span> <span class='ocrx_word' id='word_1_26' title='bbox 904 386 973 453; x_wconf 68' lang='lat' dir='ltr'>ille</span> 
     </span>
     <span class='ocr_line' id='line_1_5' title="bbox 96 460 958 536; baseline 0.006 -18"><span class='ocrx_word' id='word_1_27' title='bbox 96 481 114 518; x_wconf 93' lang='lat' dir='ltr'>a</span> <span class='ocrx_word' id='word_1_28' title='bbox 130 472 158 517; x_wconf 86' lang='lat' dir='ltr'>te</span> <span class='ocrx_word' id='word_1_29' title='bbox 177 460 266 517; x_wconf 83' lang='lat' dir='ltr'>hostis</span> <span class='ocrx_word' id='word_1_30' title='bbox 285 461 496 517; x_wconf 75' lang='lat' dir='ltr'>communitur?</span> <span class='ocrx_word' id='word_1_31' title='bbox 537 460 627 536; x_wconf 75' lang='lat' dir='ltr'>atqui</span> <span class='ocrx_word' id='word_1_32' title='bbox 645 479 679 517; x_wconf 79' lang='lat' dir='ltr'>cx</span> <span class='ocrx_word' id='word_1_33' title='bbox 696 470 833 519; x_wconf 84' lang='lat' dir='ltr'>veterum</span> <span class='ocrx_word' id='word_1_34' title='bbox 854 484 958 527; x_wconf 84' lang='lat' dir='ltr'>rerum</span> 
     </span>
     <span class='ocr_line' id='line_1_6' title="bbox 98 540 947 618; baseline 0.006 -20"><span class='ocrx_word' id='word_1_35' title='bbox 98 542 291 599; x_wconf 81' lang='lat' dir='ltr'>monumentis</span> <span class='ocrx_word' id='word_1_36' title='bbox 310 541 352 597; x_wconf 81' lang='lat' dir='ltr'>rel</span> <span class='ocrx_word' id='word_1_37' title='bbox 373 541 529 597; x_wconf 76' lang='lat' dir='ltr'>nrannnnn</span> <span class='ocrx_word' id='word_1_38' title='bbox 550 540 655 596; x_wconf 85' lang='lat' dir='ltr'>bellum</span> <span class='ocrx_word' id='word_1_39' title='bbox 674 540 821 618; x_wconf 87' lang='lat' dir='ltr'>populum</span> <span class='ocrx_word' id='word_1_40' title='bbox 842 543 947 603; x_wconf 76' lang='lat' dir='ltr'>Roma</span> 
     </span>
     <span class='ocr_line' id='line_1_7' title="bbox 97 619 945 693; baseline 0.006 -15"><span class='ocrx_word' id='word_1_41' title='bbox 97 642 165 679; x_wconf 89' lang='lat' dir='ltr'>num</span> <span class='ocrx_word' id='word_1_42' title='bbox 183 641 247 677; x_wconf 81' lang='lat' dir='ltr'>cunr</span> <span class='ocrx_word' id='word_1_43' title='bbox 268 640 333 693; x_wconf 63' lang='lat' dir='ltr'>rege</span> <span class='ocrx_word' id='word_1_44' title='bbox 351 620 497 677; x_wconf 76' lang='lat' dir='ltr'>Antiocho</span> <span class='ocrx_word' id='word_1_45' title='bbox 514 620 633 693; x_wconf 56' lang='lat' dir='ltr'>gessisse</span> <span class='ocrx_word' id='word_1_46' title='bbox 650 619 752 677; x_wconf 78' lang='lat' dir='ltr'>rideo:</span> <span class='ocrx_word' id='word_1_47' title='bbox 775 622 864 680; x_wconf 87' lang='lat' dir='ltr'>cuius</span> <span class='ocrx_word' id='word_1_48' title='bbox 881 624 945 683; x_wconf 84' lang='lat' dir='ltr'>belli</span> 
     </span>
     <span class='ocr_line' id='line_1_8' title="bbox 96 699 943 781; baseline 0.002 -23"><span class='ocrx_word' id='word_1_49' title='bbox 96 703 187 759; x_wconf 77' lang='lat' dir='ltr'>victor</span> <span class='ocrx_word' id='word_1_50' title='bbox 209 701 238 758; x_wconf 89' lang='lat' dir='ltr'>L.</span> <span class='ocrx_word' id='word_1_51' title='bbox 255 702 352 777; x_wconf 73' lang='lat' dir='ltr'>Scipio</span> <span class='ocrx_word' id='word_1_52' title='bbox 377 720 467 777; x_wconf 85' lang='lat' dir='ltr'>acqua</span> <span class='ocrx_word' id='word_1_53' title='bbox 487 710 568 777; x_wconf 85' lang='lat' dir='ltr'>parta</span> <span class='ocrx_word' id='word_1_54' title='bbox 589 719 654 755; x_wconf 88' lang='lat' dir='ltr'>curn</span> <span class='ocrx_word' id='word_1_55' title='bbox 677 699 709 757; x_wconf 91' lang='lat' dir='ltr'>P.</span> <span class='ocrx_word' id='word_1_56' title='bbox 725 700 818 759; x_wconf 83' lang='lat' dir='ltr'>fratre</span> <span class='ocrx_word' id='word_1_57' title='bbox 842 702 943 781; x_wconf 78' lang='lat' dir='ltr'>gloria,</span> 
     </span>
     <span class='ocr_line' id='line_1_9' title="bbox 97 780 944 861; baseline 0.007 -26"><span class='ocrx_word' id='word_1_58' title='bbox 97 802 181 859; x_wconf 80' lang='lat' dir='ltr'>qrnmr</span> <span class='ocrx_word' id='word_1_59' title='bbox 205 782 316 838; x_wconf 79' lang='lat' dir='ltr'>laudeni</span> <span class='ocrx_word' id='word_1_60' title='bbox 339 780 384 837; x_wconf 86' lang='lat' dir='ltr'>illo</span> <span class='ocrx_word' id='word_1_61' title='bbox 406 780 505 837; x_wconf 80' lang='lat' dir='ltr'>Africa</span> <span class='ocrx_word' id='word_1_62' title='bbox 526 798 661 856; x_wconf 66' lang='lat' dir='ltr'>oppressa</span> <span class='ocrx_word' id='word_1_63' title='bbox 680 782 861 855; x_wconf 72' lang='lat' dir='ltr'>cognomine</span> <span class='ocrx_word' id='word_1_64' title='bbox 882 784 944 861; x_wconf 87' lang='lat' dir='ltr'>ipso</span> 
     </span>
     <span class='ocr_line' id='line_1_10' title="bbox 96 858 944 938; baseline 0.005 -21"><span class='ocrx_word' id='word_1_65' title='bbox 96 882 162 938; x_wconf 59' lang='lat' dir='ltr'>praue</span> <span class='ocrx_word' id='word_1_66' title='bbox 184 884 213 917; x_wconf 86' lang='lat' dir='ltr'>sc</span> <span class='ocrx_word' id='word_1_67' title='bbox 234 860 351 925; x_wconf 81' lang='lat' dir='ltr'>terohat,</span> <span class='ocrx_word' id='word_1_68' title='bbox 367 860 496 917; x_wconf 78' lang='lat' dir='ltr'>camdeni</span> <span class='ocrx_word' id='word_1_69' title='bbox 517 859 562 916; x_wconf 86' lang='lat' dir='ltr'>hic</span> <span class='ocrx_word' id='word_1_70' title='bbox 584 858 638 916; x_wconf 84' lang='lat' dir='ltr'>sibi</span> <span class='ocrx_word' id='word_1_71' title='bbox 658 879 693 916; x_wconf 85' lang='lat' dir='ltr'>ex</span> <span class='ocrx_word' id='word_1_72' title='bbox 712 860 802 918; x_wconf 84' lang='lat' dir='ltr'>Asiae</span> <span class='ocrx_word' id='word_1_73' title='bbox 822 864 944 921; x_wconf 87' lang='lat' dir='ltr'>nomine</span> 
     </span>
     <span class='ocr_line' id='line_1_11' title="bbox 96 939 943 1016; baseline 0.006 -19"><span class='ocrx_word' id='word_1_74' title='bbox 96 941 262 1015; x_wconf 74' lang='lat' dir='ltr'>adsumpsit.</span> <span class='ocrx_word' id='word_1_75' title='bbox 307 948 352 996; x_wconf 68' lang='lat' dir='ltr'>aa.</span> <span class='ocrx_word' id='word_1_76' title='bbox 376 940 440 1009; x_wconf 75' lang='lat' dir='ltr'>Quo</span> <span class='ocrx_word' id='word_1_77' title='bbox 458 940 572 1016; x_wconf 82' lang='lat' dir='ltr'>quidem</span> <span class='ocrx_word' id='word_1_78' title='bbox 591 940 619 995; x_wconf 91' lang='lat' dir='ltr'>in</span> <span class='ocrx_word' id='word_1_79' title='bbox 637 939 712 996; x_wconf 88' lang='lat' dir='ltr'>bello</span> <span class='ocrx_word' id='word_1_80' title='bbox 726 940 820 998; x_wconf 84' lang='lat' dir='ltr'>virtus</span> <span class='ocrx_word' id='word_1_81' title='bbox 836 943 943 1001; x_wconf 78' lang='lat' dir='ltr'><strong>enituit</strong></span> 
     </span>
     <span class='ocr_line' id='line_1_12' title="bbox 96 1019 942 1097; baseline 0.007 -22"><span class='ocrx_word' id='word_1_82' title='bbox 96 1020 210 1093; x_wconf 47' lang='lat' dir='ltr'>(gregia</span> <span class='ocrx_word' id='word_1_83' title='bbox 229 1019 521 1096; x_wconf 72' lang='lat' dir='ltr'>l1.(&#39;ar‹nis,proavi</span> <span class='ocrx_word' id='word_1_84' title='bbox 538 1021 598 1077; x_wconf 88' lang='lat' dir='ltr'>tui:</span> <span class='ocrx_word' id='word_1_85' title='bbox 620 1039 677 1097; x_wconf 94' lang='lat' dir='ltr'>quo</span> <span class='ocrx_word' id='word_1_86' title='bbox 696 1019 752 1089; x_wconf 88' lang='lat' dir='ltr'>ille,</span> <span class='ocrx_word' id='word_1_87' title='bbox 767 1040 838 1078; x_wconf 89' lang='lat' dir='ltr'>cum</span> <span class='ocrx_word' id='word_1_88' title='bbox 858 1032 942 1093; x_wconf 69' lang='lat' dir='ltr'>esset,</span> 
     </span>
     <span class='ocr_line' id='line_1_13' title="bbox 96 1099 943 1176; baseline 0.007 -21"><span class='ocrx_word' id='word_1_89' title='bbox 96 1110 128 1155; x_wconf 89' lang='lat' dir='ltr'>ut·</span> <span class='ocrx_word' id='word_1_90' title='bbox 145 1118 199 1171; x_wconf 67' lang='lat' dir='ltr'>ego</span> <span class='ocrx_word' id='word_1_91' title='bbox 216 1099 288 1157; x_wconf 80' lang='lat' dir='ltr'>nihi</span> <span class='ocrx_word' id='word_1_92' title='bbox 306 1108 409 1167; x_wconf 87' lang='lat' dir='ltr'>statuo,</span> <span class='ocrx_word' id='word_1_93' title='bbox 422 1100 494 1167; x_wconf 87' lang='lat' dir='ltr'>talis,</span> <span class='ocrx_word' id='word_1_94' title='bbox 508 1100 619 1176; x_wconf 90' lang='lat' dir='ltr'>qualem</span> <span class='ocrx_word' id='word_1_95' title='bbox 634 1108 663 1156; x_wconf 89' lang='lat' dir='ltr'>te</span> <span class='ocrx_word' id='word_1_96' title='bbox 677 1119 737 1156; x_wconf 80' lang='lat' dir='ltr'>esse</span> <span class='ocrx_word' id='word_1_97' title='bbox 751 1100 847 1171; x_wconf 80' lang='lat' dir='ltr'>video,</span> <span class='ocrx_word' id='word_1_98' title='bbox 860 1122 943 1161; x_wconf 90' lang='lat' dir='ltr'>num-</span> 
     </span>
     <span class='ocr_line' id='line_1_14' title="bbox 96 1179 942 1256; baseline 0.007 -21"><span class='ocrx_word' id='word_1_99' title='bbox 96 1199 181 1256; x_wconf 87' lang='lat' dir='ltr'>qnanr</span> <span class='ocrx_word' id='word_1_100' title='bbox 196 1200 261 1236; x_wconf 86' lang='lat' dir='ltr'>cunr</span> <span class='ocrx_word' id='word_1_101' title='bbox 273 1180 407 1256; x_wconf 75' lang='lat' dir='ltr'>Scipione</span> <span class='ocrx_word' id='word_1_102' title='bbox 422 1188 493 1236; x_wconf 71' lang='lat' dir='ltr'>osset</span> <span class='ocrx_word' id='word_1_103' title='bbox 506 1181 660 1256; x_wconf 83' lang='lat' dir='ltr'>profectus,</span> <span class='ocrx_word' id='word_1_104' title='bbox 670 1179 694 1235; x_wconf 92' lang='lat' dir='ltr'>si</span> <span class='ocrx_word' id='word_1_105' title='bbox 708 1198 774 1236; x_wconf 91' lang='lat' dir='ltr'>eum</span> <span class='ocrx_word' id='word_1_106' title='bbox 788 1181 942 1241; x_wconf 85' lang='lat' dir='ltr'>muliercu-</span> 
     </span>
     <span class='ocr_line' id='line_1_15' title="bbox 96 1259 940 1336; baseline 0.007 -21"><span class='ocrx_word' id='word_1_107' title='bbox 96 1259 129 1317; x_wconf 83' lang='lat' dir='ltr'>lis</span> <span class='ocrx_word' id='word_1_108' title='bbox 141 1259 303 1317; x_wconf 87' lang='lat' dir='ltr'>bellandum</span> <span class='ocrx_word' id='word_1_109' title='bbox 319 1260 508 1316; x_wconf 79' lang='lat' dir='ltr'>arbitraretur.</span> <span class='ocrx_word' id='word_1_110' title='bbox 546 1260 646 1336; x_wconf 84' lang='lat' dir='ltr'>Neque</span> <span class='ocrx_word' id='word_1_111' title='bbox 657 1278 723 1316; x_wconf 81' lang='lat' dir='ltr'>vero</span> <span class='ocrx_word' id='word_1_112' title='bbox 737 1278 805 1316; x_wconf 91' lang='lat' dir='ltr'>cum</span> <span class='ocrx_word' id='word_1_113' title='bbox 816 1260 851 1319; x_wconf 88' lang='lat' dir='ltr'>P.</span> <span class='ocrx_word' id='word_1_114' title='bbox 863 1262 940 1321; x_wconf 81' lang='lat' dir='ltr'>Afri-</span> 
     </span>
     <span class='ocr_line' id='line_1_16' title="bbox 95 1338 940 1416; baseline 0.004 -20"><span class='ocrx_word' id='word_1_115' title='bbox 95 1360 166 1396; x_wconf 85' lang='lat' dir='ltr'>cano</span> <span class='ocrx_word' id='word_1_116' title='bbox 181 1348 295 1397; x_wconf 84' lang='lat' dir='ltr'>senatus</span> <span class='ocrx_word' id='word_1_117' title='bbox 312 1340 424 1413; x_wconf 67' lang='lat' dir='ltr'>egisset,</span> <span class='ocrx_word' id='word_1_118' title='bbox 437 1347 468 1395; x_wconf 92' lang='lat' dir='ltr'>ut</span> <span class='ocrx_word' id='word_1_119' title='bbox 483 1338 593 1413; x_wconf 69' lang='lat' dir='ltr'>legatus</span> <span class='ocrx_word' id='word_1_120' title='bbox 607 1339 688 1395; x_wconf 84' lang='lat' dir='ltr'>fratri</span> <span class='ocrx_word' id='word_1_121' title='bbox 702 1338 940 1416; x_wconf 75' lang='lat' dir='ltr'>proficisceretrm</span> 
     </span>
     <span class='ocr_line' id='line_1_17' title="bbox 95 1418 941 1496; baseline 0.006 -21"><span class='ocrx_word' id='word_1_122' title='bbox 95 1440 159 1475; x_wconf 86' lang='lat' dir='ltr'>cnm</span> <span class='ocrx_word' id='word_1_123' title='bbox 176 1421 235 1496; x_wconf 81' lang='lat' dir='ltr'>ipse</span> <span class='ocrx_word' id='word_1_124' title='bbox 250 1419 345 1496; x_wconf 88' lang='lat' dir='ltr'>paullo</span> <span class='ocrx_word' id='word_1_125' title='bbox 360 1428 425 1475; x_wconf 72' lang='lat' dir='ltr'>anile</span> <span class='ocrx_word' id='word_1_126' title='bbox 441 1419 603 1475; x_wconf 78' lang='lat' dir='ltr'>Hannibale</span> <span class='ocrx_word' id='word_1_127' title='bbox 617 1440 650 1476; x_wconf 84' lang='lat' dir='ltr'>ex</span> <span class='ocrx_word' id='word_1_128' title='bbox 666 1418 749 1475; x_wconf 83' lang='lat' dir='ltr'>Italia</span> <span class='ocrx_word' id='word_1_129' title='bbox 762 1420 894 1496; x_wconf 82' lang='lat' dir='ltr'>expulso,</span> <span class='ocrx_word' id='word_1_130' title='bbox 906 1442 941 1480; x_wconf 73' lang='lat' dir='ltr'>ex</span> 
     </span>
     <span class='ocr_line' id='line_1_18' title="bbox 95 1498 942 1575; baseline 0.006 -20"><span class='ocrx_word' id='word_1_131' title='bbox 95 1500 195 1556; x_wconf 83' lang='lat' dir='ltr'>Africa</span> <span class='ocrx_word' id='word_1_132' title='bbox 209 1500 307 1570; x_wconf 84' lang='lat' dir='ltr'>eiecto,</span> <span class='ocrx_word' id='word_1_133' title='bbox 318 1498 495 1574; x_wconf 79' lang='lat' dir='ltr'>Karthagine</span> <span class='ocrx_word' id='word_1_134' title='bbox 510 1518 645 1575; x_wconf 85' lang='lat' dir='ltr'>oppressa</span> <span class='ocrx_word' id='word_1_135' title='bbox 657 1498 790 1555; x_wconf 84' lang='lat' dir='ltr'>maximis</span> <span class='ocrx_word' id='word_1_136' title='bbox 802 1501 942 1575; x_wconf 82' lang='lat' dir='ltr'>perieulis</span> 
     </span>
     <span class='ocr_line' id='line_1_19' title="bbox 94 1577 941 1657; baseline 0.004 -21"><span class='ocrx_word' id='word_1_137' title='bbox 94 1599 154 1636; x_wconf 84' lang='lat' dir='ltr'>rem</span> <span class='ocrx_word' id='word_1_138' title='bbox 175 1579 320 1657; x_wconf 83' lang='lat' dir='ltr'>publicam</span> <span class='ocrx_word' id='word_1_139' title='bbox 342 1578 494 1649; x_wconf 77' lang='lat' dir='ltr'>liberasset,</span> <span class='ocrx_word' id='word_1_140' title='bbox 510 1579 565 1634; x_wconf 88' lang='lat' dir='ltr'>nisi</span> <span class='ocrx_word' id='word_1_141' title='bbox 586 1578 656 1635; x_wconf 89' lang='lat' dir='ltr'>illud</span> <span class='ocrx_word' id='word_1_142' title='bbox 674 1597 759 1654; x_wconf 78' lang='lat' dir='ltr'>grave</span> <span class='ocrx_word' id='word_1_143' title='bbox 778 1577 890 1637; x_wconf 81' lang='lat' dir='ltr'>bellum</span> <span class='ocrx_word' id='word_1_144' title='bbox 911 1590 941 1639; x_wconf 85' lang='lat' dir='ltr'>et</span> 
     </span>
     <span class='ocr_line' id='line_1_20' title="bbox 95 1657 942 1739; baseline 0.004 -23"><span class='ocrx_word' id='word_1_145' title='bbox 95 1660 246 1719; x_wconf 86' lang='lat' dir='ltr'>vehemens</span> <span class='ocrx_word' id='word_1_146' title='bbox 263 1668 417 1737; x_wconf 87' lang='lat' dir='ltr'>putaretur.</span> <span class='ocrx_word' id='word_1_147' title='bbox 460 1659 527 1717; x_wconf 78' lang='lat' dir='ltr'>XV:</span> <span class='ocrx_word' id='word_1_148' title='bbox 551 1658 643 1735; x_wconf 84' lang='lat' dir='ltr'>Atqui</span> <span class='ocrx_word' id='word_1_149' title='bbox 659 1659 683 1714; x_wconf 92' lang='lat' dir='ltr'>si</span> <span class='ocrx_word' id='word_1_150' title='bbox 697 1657 852 1734; x_wconf 79' lang='lat' dir='ltr'>diligenter</span> <span class='ocrx_word' id='word_1_151' title='bbox 868 1662 942 1739; x_wconf 90' lang='lat' dir='ltr'>qnid</span> 
     </span>
     <span class='ocr_line' id='line_1_21' title="bbox 94 1737 941 1817; baseline 0.006 -21"><span class='ocrx_word' id='word_1_152' title='bbox 94 1741 275 1798; x_wconf 78' lang='lat' dir='ltr'>Mithridates</span> <span class='ocrx_word' id='word_1_153' title='bbox 289 1740 416 1817; x_wconf 90' lang='lat' dir='ltr'>potuerit</span> <span class='ocrx_word' id='word_1_154' title='bbox 431 1746 459 1796; x_wconf 92' lang='lat' dir='ltr'>et</span> <span class='ocrx_word' id='word_1_155' title='bbox 474 1739 544 1816; x_wconf 92' lang='lat' dir='ltr'>quid</span> <span class='ocrx_word' id='word_1_156' title='bbox 558 1738 683 1796; x_wconf 82' lang='lat' dir='ltr'>effecerit</span> <span class='ocrx_word' id='word_1_157' title='bbox 694 1744 723 1794; x_wconf 85' lang='lat' dir='ltr'>et</span> <span class='ocrx_word' id='word_1_158' title='bbox 734 1737 783 1815; x_wconf 91' lang='lat' dir='ltr'>qui</span> <span class='ocrx_word' id='word_1_159' title='bbox 794 1738 839 1795; x_wconf 87' lang='lat' dir='ltr'>vir</span> <span class='ocrx_word' id='word_1_160' title='bbox 848 1740 941 1801; x_wconf 77' lang='lat' dir='ltr'>fuerit</span> 
     </span>
     <span class='ocr_line' id='line_1_22' title="bbox 94 1817 942 1897; baseline 0.001 -21"><span class='ocrx_word' id='word_1_161' title='bbox 94 1821 288 1891; x_wconf 80' lang='lat' dir='ltr'>considerans,</span> <span class='ocrx_word' id='word_1_162' title='bbox 311 1818 444 1876; x_wconf 87' lang='lat' dir='ltr'>omnibus</span> <span class='ocrx_word' id='word_1_163' title='bbox 471 1819 593 1893; x_wconf 73' lang='lat' dir='ltr'>regibus,</span> <span class='ocrx_word' id='word_1_164' title='bbox 615 1817 783 1895; x_wconf 86' lang='lat' dir='ltr'>quibuscum</span> <span class='ocrx_word' id='word_1_165' title='bbox 811 1820 942 1897; x_wconf 85' lang='lat' dir='ltr'>populns</span> 
     </span>
     <span class='ocr_line' id='line_1_23' title="bbox 94 1897 942 1975; baseline 0.002 -20"><span class='ocrx_word' id='word_1_166' title='bbox 94 1899 241 1956; x_wconf 83' lang='lat' dir='ltr'>Romanus</span> <span class='ocrx_word' id='word_1_167' title='bbox 257 1899 363 1956; x_wconf 84' lang='lat' dir='ltr'>bellum</span> <span class='ocrx_word' id='word_1_168' title='bbox 381 1899 476 1974; x_wconf 71' lang='lat' dir='ltr'>gessit,</span> <span class='ocrx_word' id='word_1_169' title='bbox 493 1899 569 1956; x_wconf 91' lang='lat' dir='ltr'>hunc</span> <span class='ocrx_word' id='word_1_170' title='bbox 588 1918 684 1975; x_wconf 76' lang='lat' dir='ltr'>regem</span> <span class='ocrx_word' id='word_1_171' title='bbox 703 1897 840 1955; x_wconf 85' lang='lat' dir='ltr'>nimirum</span> <span class='ocrx_word' id='word_1_172' title='bbox 860 1908 942 1961; x_wconf 83' lang='lat' dir='ltr'>unto-</span> 
     </span>
     <span class='ocr_line' id='line_1_24' title="bbox 94 1977 939 2056; baseline 0.004 -21"><span class='ocrx_word' id='word_1_173' title='bbox 94 1998 200 2056; x_wconf 90' lang='lat' dir='ltr'>pones:</span> <span class='ocrx_word' id='word_1_174' title='bbox 218 1998 303 2056; x_wconf 84' lang='lat' dir='ltr'>quom</span> <span class='ocrx_word' id='word_1_175' title='bbox 315 1978 345 2036; x_wconf 90' lang='lat' dir='ltr'>L.</span> <span class='ocrx_word' id='word_1_176' title='bbox 355 1977 440 2050; x_wconf 84' lang='lat' dir='ltr'>Sulla,</span> <span class='ocrx_word' id='word_1_177' title='bbox 451 1980 576 2037; x_wconf 84' lang='lat' dir='ltr'>maximo</span> <span class='ocrx_word' id='word_1_178' title='bbox 588 1986 617 2036; x_wconf 91' lang='lat' dir='ltr'>et</span> <span class='ocrx_word' id='word_1_179' title='bbox 628 1978 785 2036; x_wconf 88' lang='lat' dir='ltr'>fortissimo</span> <span class='ocrx_word' id='word_1_180' title='bbox 800 1981 939 2053; x_wconf 80' lang='lat' dir='ltr'>exercitu,</span> 
     </span>
     <span class='ocr_line' id='line_1_25' title="bbox 94 2058 941 2137; baseline 0.005 -22"><span class='ocrx_word' id='word_1_181' title='bbox 94 2079 209 2136; x_wconf 70' lang='lat' dir='ltr'>pugnax</span> <span class='ocrx_word' id='word_1_182' title='bbox 227 2066 256 2115; x_wconf 93' lang='lat' dir='ltr'>et</span> <span class='ocrx_word' id='word_1_183' title='bbox 272 2078 335 2116; x_wconf 88' lang='lat' dir='ltr'>acer</span> <span class='ocrx_word' id='word_1_184' title='bbox 354 2066 382 2116; x_wconf 90' lang='lat' dir='ltr'>et</span> <span class='ocrx_word' id='word_1_185' title='bbox 398 2079 457 2116; x_wconf 91' lang='lat' dir='ltr'>non</span> <span class='ocrx_word' id='word_1_186' title='bbox 474 2061 553 2118; x_wconf 87' lang='lat' dir='ltr'>rudis</span> <span class='ocrx_word' id='word_1_187' title='bbox 570 2061 732 2137; x_wconf 87' lang='lat' dir='ltr'>imperator,</span> <span class='ocrx_word' id='word_1_188' title='bbox 747 2065 781 2117; x_wconf 92' lang='lat' dir='ltr'>ut</span> <span class='ocrx_word' id='word_1_189' title='bbox 799 2058 880 2116; x_wconf 87' lang='lat' dir='ltr'>aliud</span> <span class='ocrx_word' id='word_1_190' title='bbox 896 2062 941 2119; x_wconf 88' lang='lat' dir='ltr'>ni-</span> 
     </span>
     <span class='ocr_line' id='line_1_26' title="bbox 94 2138 940 2211; baseline 0.005 -16"><span class='ocrx_word' id='word_1_191' title='bbox 94 2140 134 2195; x_wconf 93' lang='lat' dir='ltr'>hil</span> <span class='ocrx_word' id='word_1_192' title='bbox 149 2140 251 2209; x_wconf 88' lang='lat' dir='ltr'>dieam‚</span> <span class='ocrx_word' id='word_1_193' title='bbox 264 2158 328 2196; x_wconf 91' lang='lat' dir='ltr'>eum</span> <span class='ocrx_word' id='word_1_194' title='bbox 346 2139 421 2198; x_wconf 93' lang='lat' dir='ltr'>bello</span> <span class='ocrx_word' id='word_1_195' title='bbox 438 2141 582 2199; x_wconf 85' lang='lat' dir='ltr'>invectum</span> <span class='ocrx_word' id='word_1_196' title='bbox 598 2148 688 2198; x_wconf 90' lang='lat' dir='ltr'>totam</span> <span class='ocrx_word' id='word_1_197' title='bbox 703 2140 733 2196; x_wconf 92' lang='lat' dir='ltr'>in</span> <span class='ocrx_word' id='word_1_198' title='bbox 748 2138 857 2211; x_wconf 83' lang='lat' dir='ltr'>Asiam,</span> <span class='ocrx_word' id='word_1_199' title='bbox 870 2159 940 2199; x_wconf 90' lang='lat' dir='ltr'>cum</span> 
     </span>
     <span class='ocr_line' id='line_1_27' title="bbox 94 2219 941 2298; baseline 0.004 -22"><span class='ocrx_word' id='word_1_200' title='bbox 94 2239 162 2297; x_wconf 90' lang='lat' dir='ltr'>pace</span> <span class='ocrx_word' id='word_1_201' title='bbox 180 2220 305 2278; x_wconf 89' lang='lat' dir='ltr'>dimisit:</span> <span class='ocrx_word' id='word_1_202' title='bbox 328 2240 413 2298; x_wconf 91' lang='lat' dir='ltr'>quem</span> <span class='ocrx_word' id='word_1_203' title='bbox 430 2221 460 2280; x_wconf 88' lang='lat' dir='ltr'>L.</span> <span class='ocrx_word' id='word_1_204' title='bbox 474 2222 600 2291; x_wconf 74' lang='lat' dir='ltr'>Murena</span> <span class='ocrx_word' id='word_1_205' title='bbox 615 2227 696 2298; x_wconf 89' lang='lat' dir='ltr'>pater</span> <span class='ocrx_word' id='word_1_206' title='bbox 712 2219 838 2289; x_wconf 85' lang='lat' dir='ltr'>huiusce,</span> <span class='ocrx_word' id='word_1_207' title='bbox 853 2221 941 2279; x_wconf 85' lang='lat' dir='ltr'>veho-</span> 
     </span>
     <span class='ocr_line' id='line_1_28' title="bbox 93 2301 938 2379; baseline 0.001 -21"><span class='ocrx_word' id='word_1_208' title='bbox 93 2302 269 2359; x_wconf 86' lang='lat' dir='ltr'>mentissime</span> <span class='ocrx_word' id='word_1_209' title='bbox 299 2301 572 2379; x_wconf 83' lang='lat' dir='ltr'>vigilantissimeque</span> <span class='ocrx_word' id='word_1_210' title='bbox 605 2307 746 2371; x_wconf 84' lang='lat' dir='ltr'>vexatum,</span> <span class='ocrx_word' id='word_1_211' title='bbox 774 2318 938 2377; x_wconf 83' lang='lat' dir='ltr'>repressum</span> 
     </span>
     <span class='ocr_line' id='line_1_29' title="bbox 62 2380 937 2461; baseline -0.009 -14"><span class='ocrx_word' id='word_1_212' title='bbox 62 2440 66 2447; x_wconf 94' lang='lat'>.</span> <span class='ocrx_word' id='word_1_213' title='bbox 93 2402 198 2461; x_wconf 78' lang='lat' dir='ltr'>magna</span> <span class='ocrx_word' id='word_1_214' title='bbox 218 2403 252 2441; x_wconf 85' lang='lat' dir='ltr'>ex</span> <span class='ocrx_word' id='word_1_215' title='bbox 273 2391 361 2460; x_wconf 90' lang='lat' dir='ltr'>parte,</span> <span class='ocrx_word' id='word_1_216' title='bbox 379 2403 438 2441; x_wconf 90' lang='lat' dir='ltr'>non</span> <span class='ocrx_word' id='word_1_217' title='bbox 460 2400 627 2459; x_wconf 87' lang='lat' dir='ltr'>oppressum</span> <span class='ocrx_word' id='word_1_218' title='bbox 649 2380 779 2457; x_wconf 82' lang='lat' dir='ltr'>reliquit:</span> <span class='ocrx_word' id='word_1_219' title='bbox 806 2380 856 2456; x_wconf 92' lang='lat' dir='ltr'>qui</span> <span class='ocrx_word' id='word_1_220' title='bbox 877 2400 937 2453; x_wconf 86' lang='lat' dir='ltr'>rex,</span> 
     </span>
     <span class='ocr_line' id='line_1_30' title="bbox 94 2460 939 2542; baseline -0.001 -22"><span class='ocrx_word' id='word_1_221' title='bbox 94 2464 147 2521; x_wconf 91' lang='lat' dir='ltr'>sibi</span> <span class='ocrx_word' id='word_1_222' title='bbox 165 2466 274 2542; x_wconf 87' lang='lat' dir='ltr'>aliquot</span> <span class='ocrx_word' id='word_1_223' title='bbox 291 2464 372 2520; x_wconf 90' lang='lat' dir='ltr'>annis</span> <span class='ocrx_word' id='word_1_224' title='bbox 392 2463 513 2538; x_wconf 88' lang='lat' dir='ltr'>sumptis</span> <span class='ocrx_word' id='word_1_225' title='bbox 530 2461 567 2517; x_wconf 89' lang='lat' dir='ltr'>ad</span> <span class='ocrx_word' id='word_1_226' title='bbox 583 2460 792 2517; x_wconf 81' lang='lat' dir='ltr'>confirmandas</span> <span class='ocrx_word' id='word_1_227' title='bbox 810 2461 939 2519; x_wconf 77' lang='lat' dir='ltr'>rationes</span> 
     </span>
     <span class='ocr_line' id='line_1_31' title="bbox 94 2540 938 2621; baseline 0 -23"><span class='ocrx_word' id='word_1_228' title='bbox 94 2551 123 2599; x_wconf 88' lang='lat' dir='ltr'>et</span> <span class='ocrx_word' id='word_1_229' title='bbox 143 2546 240 2621; x_wconf 87' lang='lat' dir='ltr'>copias</span> <span class='ocrx_word' id='word_1_230' title='bbox 260 2544 335 2614; x_wconf 89' lang='lat' dir='ltr'>belli,</span> <span class='ocrx_word' id='word_1_231' title='bbox 350 2550 464 2599; x_wconf 86' lang='lat' dir='ltr'>tantum</span> <span class='ocrx_word' id='word_1_232' title='bbox 486 2559 535 2616; x_wconf 89' lang='lat' dir='ltr'>spe</span> <span class='ocrx_word' id='word_1_233' title='bbox 557 2548 718 2616; x_wconf 88' lang='lat' dir='ltr'>conatuque</span> <span class='ocrx_word' id='word_1_234' title='bbox 738 2540 835 2609; x_wconf 85' lang='lat' dir='ltr'>valuit,</span> <span class='ocrx_word' id='word_1_235' title='bbox 851 2546 885 2597; x_wconf 90' lang='lat' dir='ltr'>ut</span> <span class='ocrx_word' id='word_1_236' title='bbox 907 2560 938 2598; x_wconf 82' lang='lat' dir='ltr'>sc</span> 
     </span>
     <span class='ocr_line' id='line_1_32' title="bbox 94 2619 926 2696; baseline -0.002 -18"><span class='ocrx_word' id='word_1_237' title='bbox 94 2621 239 2679; x_wconf 84' lang='lat' dir='ltr'>Oceanum</span> <span class='ocrx_word' id='word_1_238' title='bbox 257 2642 322 2679; x_wconf 90' lang='lat' dir='ltr'>cum</span> <span class='ocrx_word' id='word_1_239' title='bbox 340 2623 444 2691; x_wconf 89' lang='lat' dir='ltr'>Ponto,</span> <span class='ocrx_word' id='word_1_240' title='bbox 460 2619 578 2676; x_wconf 87' lang='lat' dir='ltr'>Sertorii</span> <span class='ocrx_word' id='word_1_241' title='bbox 593 2621 690 2696; x_wconf 85' lang='lat' dir='ltr'>copias</span> <span class='ocrx_word' id='word_1_242' title='bbox 709 2639 773 2676; x_wconf 90' lang='lat' dir='ltr'>cum</span> <span class='ocrx_word' id='word_1_243' title='bbox 792 2619 850 2675; x_wconf 90' lang='lat' dir='ltr'>suis</span> <span class='ocrx_word' id='word_1_244' title='bbox 869 2638 926 2676; x_wconf 90' lang='lat' dir='ltr'>eon</span> 
     </span>
     <span class='ocr_line' id='line_1_33' title="bbox 95 2698 939 2776; baseline 0.002 -21"><span class='ocrx_word' id='word_1_245' title='bbox 95 2699 257 2757; x_wconf 84' lang='lat' dir='ltr'>iuncturam</span> <span class='ocrx_word' id='word_1_246' title='bbox 279 2708 400 2776; x_wconf 88' lang='lat' dir='ltr'>putaret.</span> <span class='ocrx_word' id='word_1_247' title='bbox 451 2706 496 2755; x_wconf 85' lang='lat'>33.</span> <span class='ocrx_word' id='word_1_248' title='bbox 520 2698 569 2754; x_wconf 89' lang='lat' dir='ltr'>Ad</span> <span class='ocrx_word' id='word_1_249' title='bbox 591 2699 669 2775; x_wconf 89' lang='lat' dir='ltr'>quod</span> <span class='ocrx_word' id='word_1_250' title='bbox 690 2699 796 2756; x_wconf 90' lang='lat' dir='ltr'>bellum</span> <span class='ocrx_word' id='word_1_251' title='bbox 821 2698 939 2757; x_wconf 83' lang='lat' dir='ltr'>duobus</span> 
     </span>
     <span class='ocr_line' id='line_1_34' title="bbox 94 2777 937 2856; baseline 0.002 -21"><span class='ocrx_word' id='word_1_252' title='bbox 94 2777 257 2835; x_wconf 88' lang='lat' dir='ltr'>consulibus</span> <span class='ocrx_word' id='word_1_253' title='bbox 274 2780 315 2835; x_wconf 90' lang='lat' dir='ltr'>ita</span> <span class='ocrx_word' id='word_1_254' title='bbox 330 2779 432 2847; x_wconf 85' lang='lat' dir='ltr'>missis,</span> <span class='ocrx_word' id='word_1_255' title='bbox 444 2784 477 2834; x_wconf 92' lang='lat' dir='ltr'>ut</span> <span class='ocrx_word' id='word_1_256' title='bbox 491 2777 561 2834; x_wconf 86' lang='lat' dir='ltr'>alter</span> <span class='ocrx_word' id='word_1_257' title='bbox 575 2778 772 2836; x_wconf 87' lang='lat' dir='ltr'>Mithridatem</span> <span class='ocrx_word' id='word_1_258' title='bbox 787 2798 937 2856; x_wconf 85' lang='lat' dir='ltr'>perseque-</span> 
     </span>
     <span class='ocr_line' id='line_1_35' title="bbox 93 2856 937 2932; baseline 0.005 -20"><span class='ocrx_word' id='word_1_259' title='bbox 93 2862 178 2926; x_wconf 88' lang='lat' dir='ltr'>retur,</span> <span class='ocrx_word' id='word_1_260' title='bbox 194 2857 264 2913; x_wconf 88' lang='lat' dir='ltr'>alter</span> <span class='ocrx_word' id='word_1_261' title='bbox 282 2856 452 2932; x_wconf 87' lang='lat' dir='ltr'>Bithyniam</span> <span class='ocrx_word' id='word_1_262' title='bbox 469 2863 603 2927; x_wconf 87' lang='lat' dir='ltr'>tueretur,</span> <span class='ocrx_word' id='word_1_263' title='bbox 619 2858 733 2914; x_wconf 90' lang='lat' dir='ltr'>alterius</span> <span class='ocrx_word' id='word_1_264' title='bbox 752 2878 796 2914; x_wconf 87' lang='lat' dir='ltr'>ros</span> <span class='ocrx_word' id='word_1_265' title='bbox 815 2865 844 2916; x_wconf 86' lang='lat' dir='ltr'>et</span> <span class='ocrx_word' id='word_1_266' title='bbox 860 2866 937 2916; x_wconf 85' lang='lat' dir='ltr'>terra</span> 
     </span>
     <span class='ocr_line' id='line_1_36' title="bbox 94 2935 936 3014; baseline 0.005 -23"><span class='ocrx_word' id='word_1_267' title='bbox 94 2936 207 2992; x_wconf 83' lang='lat' dir='ltr'>otmari</span> <span class='ocrx_word' id='word_1_268' title='bbox 224 2935 402 2992; x_wconf 82' lang='lat' dir='ltr'>calamitosae</span> <span class='ocrx_word' id='word_1_269' title='bbox 419 2935 601 2993; x_wconf 84' lang='lat' dir='ltr'>vehomenter</span> <span class='ocrx_word' id='word_1_270' title='bbox 617 2943 646 2993; x_wconf 89' lang='lat' dir='ltr'>et</span> <span class='ocrx_word' id='word_1_271' title='bbox 663 2957 731 3014; x_wconf 87' lang='lat' dir='ltr'>opes</span> <span class='ocrx_word' id='word_1_272' title='bbox 748 2939 823 3014; x_wconf 79' lang='lat' dir='ltr'>regis</span> <span class='ocrx_word' id='word_1_273' title='bbox 839 2945 868 2995; x_wconf 85' lang='lat' dir='ltr'>et</span> <span class='ocrx_word' id='word_1_274' title='bbox 885 2958 936 2995; x_wconf 93' lang='lat' dir='ltr'>no-</span> 
     </span>
     <span class='ocr_line' id='line_1_37' title="bbox 93 3014 934 3090; baseline 0.005 -20"><span class='ocrx_word' id='word_1_275' title='bbox 93 3033 159 3070; x_wconf 91' lang='lat' dir='ltr'>men</span> <span class='ocrx_word' id='word_1_276' title='bbox 174 3021 328 3071; x_wconf 85' lang='lat' dir='ltr'>auxerunt:</span> <span class='ocrx_word' id='word_1_277' title='bbox 346 3014 376 3070; x_wconf 92' lang='lat' dir='ltr'>L.</span> <span class='ocrx_word' id='word_1_278' title='bbox 386 3014 496 3071; x_wconf 88' lang='lat' dir='ltr'>Luculli</span> <span class='ocrx_word' id='word_1_279' title='bbox 507 3034 573 3072; x_wconf 89' lang='lat' dir='ltr'>vero</span> <span class='ocrx_word' id='word_1_280' title='bbox 587 3035 631 3073; x_wconf 83' lang='lat' dir='ltr'>res</span> <span class='ocrx_word' id='word_1_281' title='bbox 644 3023 740 3074; x_wconf 85' lang='lat' dir='ltr'>tantae</span> <span class='ocrx_word' id='word_1_282' title='bbox 754 3018 934 3090; x_wconf 84' lang='lat' dir='ltr'>exstitenmt,</span> 
     </span>
     <span class='ocr_line' id='line_1_38' title="bbox 93 3092 935 3174; baseline 0.007 -26"><span class='ocrx_word' id='word_1_283' title='bbox 93 3098 126 3148; x_wconf 91' lang='lat' dir='ltr'>ut</span> <span class='ocrx_word' id='word_1_284' title='bbox 146 3112 238 3169; x_wconf 87' lang='lat' dir='ltr'>neque</span> <span class='ocrx_word' id='word_1_285' title='bbox 258 3093 351 3150; x_wconf 88' lang='lat' dir='ltr'>maius</span> <span class='ocrx_word' id='word_1_286' title='bbox 371 3092 478 3150; x_wconf 90' lang='lat' dir='ltr'>bellum</span> <span class='ocrx_word' id='word_1_287' title='bbox 499 3097 716 3153; x_wconf 87' lang='lat' dir='ltr'>commemorari</span> <span class='ocrx_word' id='word_1_288' title='bbox 733 3097 824 3172; x_wconf 88' lang='lat' dir='ltr'>possit</span> <span class='ocrx_word' id='word_1_289' title='bbox 841 3116 935 3174; x_wconf 90' lang='lat' dir='ltr'>neque</span> 
     </span>
     <span class='ocr_line' id='line_1_39' title="bbox 93 3172 934 3250; baseline 0.008 -24"><span class='ocrx_word' id='word_1_290' title='bbox 93 3172 200 3228; x_wconf 87' lang='lat' dir='ltr'>maiore</span> <span class='ocrx_word' id='word_1_291' title='bbox 214 3172 334 3229; x_wconf 86' lang='lat' dir='ltr'>consilio</span> <span class='ocrx_word' id='word_1_292' title='bbox 348 3180 378 3230; x_wconf 88' lang='lat' dir='ltr'>et</span> <span class='ocrx_word' id='word_1_293' title='bbox 391 3173 495 3231; x_wconf 85' lang='lat' dir='ltr'>virtute</span> <span class='ocrx_word' id='word_1_294' title='bbox 509 3183 630 3250; x_wconf 84' lang='lat' dir='ltr'>gestum.</span> <span class='ocrx_word' id='word_1_295' title='bbox 674 3175 749 3231; x_wconf 85' lang='lat' dir='ltr'>Nam</span> <span class='ocrx_word' id='word_1_296' title='bbox 763 3194 828 3232; x_wconf 88' lang='lat' dir='ltr'>cum</span> <span class='ocrx_word' id='word_1_297' title='bbox 843 3177 934 3233; x_wconf 87' lang='lat' dir='ltr'>totius</span> 
     </span>
    </p>
   </div>
   <div class='ocr_carea' id='block_1_3' title="bbox 0 0 998 3480">
    <p class='ocr_par' dir='ltr' id='par_1_3' title="bbox 0 0 998 3480">
     <span class='ocr_line' id='line_1_40' title="bbox 0 0 998 3480; baseline 0 1"><span class='ocrx_word' id='word_1_298' title='bbox 0 0 998 3480; x_wconf 95' lang='lat' dir='ltr'> </span> 
     </span>
    </p>
   </div>
  </div>
 </body>
</html>
