1988 3480
71 110 119 154 ‘238
150 106 184 154 ta·
205 105 239 153 nt.
256 105 448 155 autumnat
466 106 605 158 ORATIO
623 108 854 161 PHILIPPICA
871 110 902 161 11.

72 215 133 262 tum
146 204 223 281 ‹pnal
238 213 266 261 te.
281 206 427 262 consulcm
442 224 501 263 non
513 206 596 265 vidit
637 207 774 268 Maxime
786 231 857 269 vero
871 231 926 269 con·

72 286 193 342 sarlatum
216 304 312 341 unann
330 284 552 363 (lnl'ompeius
572 286 736 363 probavit:
761 291 815 368 qni
837 300 926 349 ut-me

72 366 195 441 prinunu
215 365 355 421 cicccclcns
376 384 410 422 ex
428 366 512 442 Syria
527 365 612 436 vidit,
625 369 810 446 complexus
830 379 859 429 et
874 391 927 447 gra·

72 445 166 500 tubuas
185 465 247 499 nnn
266 444 404 502 lunaticio
421 446 543 522 patriam
561 465 591 502 se
610 446 751 506 visurum
770 471 835 509 esse
853 444 925 509 dixit.

72 524 127 580 Sul
140 524 210 602 qnid
225 525 353 597 singulos
368 526 581 582 commemoret
618 525 880 604 Frequentissimo
893 551 927 588 se

72 605 150 660 natm
177 605 216 661 sic
242 605 357 682 placuit,
375 615 405 662 nt
427 613 500 662 esset
520 623 606 662 nemo
634 608 686 683 qni
712 609 794 666 mihi
821 629 881 668 nou
900 618 927 667 ut

72 685 183 762 parcmi
199 686 304 756 gratias
319 694 422 759 rigeret,
434 685 482 761 qui
496 684 568 741 mibi
583 703 643 741 non
656 687 755 744 vitam
772 709 868 761 snam,
878 691 928 747 for-

72 775 164 831 tunas,
179 765 289 831 liberos,
303 784 361 820 reni
377 764 520 842 publicam
535 764 655 823 referret
669 775 841 846 acceptam.

116 844 164 901 l'l.
201 851 244 901 la.
261 845 318 902 Sed
336 845 471 921 ‹pruniam
489 844 552 913 illis,
566 863 640 922 quos
656 847 828 919 nominavi,
841 858 887 907 tot
902 858 927 906 et

72 924 177 979 talibus
189 924 255 980 viris
267 944 310 980 rcs
321 924 436 1001 publiea
446 923 546 981 orbata
556 932 608 993 est,
617 926 777 1009 veniamus
792 930 832 986 ad
841 931 925 999 vivos,

72 1005 119 1078 qui
143 1004 201 1059 cluo
224 1003 260 1060 cle
285 1004 475 1060 consularium
500 1022 619 1061 numero
640 1005 751 1083 reliqui
775 1017 855 1068 sunt
896 1009 924 1066 L

72 1085 167 1147 t'utta,
180 1083 222 1137 cir
243 1102 356 1139 sinnmo
378 1084 494 1160 ingenio
515 1102 686 1160 summaque
703 1088 878 1162 prudentia,
890 1109 925 1146 re

73 1162 126 1218 bns
148 1163 181 1219 iis
205 1163 302 1237 gestis,
319 1183 389 1240 qiua·
410 1172 441 1221 tu
467 1162 658 1240 reprehendis
675 1167 923 1243 supplicationem

69 1243 197 1300 alccrcvit
209 1243 301 1300 verbis
315 1244 506 1320 amplissimis,
516 1243 598 1320 eique
613 1243 654 1300 illi
666 1243 732 1320 ipsi,
747 1266 826 1323 quos
839 1249 923 1306 modo

74 1324 227 1391 rumiinavi,
244 1324 405 1381 consulares
433 1331 603 1399 senatusque
631 1331 756 1381 cunctus
786 1328 923 1386 adsensus

73 1413 130 1460 est:
153 1406 201 1482 qni
219 1404 312 1461 honos
328 1412 395 1481 post
415 1404 561 1461 conditam
582 1401 656 1459 hane
676 1402 785 1462 urbem
808 1407 923 1465 babitus

73 1492 116 1539 cst
127 1492 226 1561 togato
241 1492 307 1541 ante
322 1504 367 1541 me
381 1484 497 1540 nemini.
536 1487 580 1539 14.
593 1481 623 1539 L.
633 1482 746 1555 Caesar,
759 1488 923 1544 avunculus

73 1571 147 1631 tuus,
161 1585 217 1642 qua
231 1564 367 1632 oratione,
380 1583 436 1641 qua
450 1563 618 1633 constantia,
631 1562 686 1638 qua
700 1566 849 1639 gravitate
864 1587 923 1625 sen-

73 1645 193 1701 tentiam
211 1644 285 1701 dixit
302 1645 332 1700 in
349 1644 454 1700 sororis
470 1662 536 1699 suae
550 1642 652 1714 virum,
662 1642 800 1702 vitricum
817 1648 920 1704 tuum!

74 1724 160 1781 llnne
183 1732 215 1782 tu
239 1744 305 1782 eum
327 1732 473 1781 auctorem
494 1729 523 1780 et
547 1729 762 1799 praeceptorem
786 1727 920 1784 omnium

73 1805 258 1862 consiliorum
280 1805 425 1880 totiusque
442 1804 517 1860 vitae
534 1801 678 1859 debuisses
694 1801 811 1876 habere,
825 1807 920 1864 vitrici

72 1891 101 1941 te
117 1885 237 1941 similem
254 1904 339 1961 quam
351 1883 483 1941 avunculi
496 1881 630 1939 maluisti.
669 1881 768 1939 Huius
782 1903 840 1962 ego
855 1885 920 1943 alie-

73 1983 126 2019 nus
137 1964 262 2019 consiliis
273 1963 370 2020 consul
383 1983 450 2019 usus
459 1981 536 2020 snm:
554 1969 595 2033 tu,
604 1962 708 2018 sororis
718 1961 804 2034 filins
813 1966 918 2043 ecquid

72 2042 109 2098 ad
130 2061 194 2098 oum
217 2061 354 2118 nmquam
375 2041 411 2098 de
434 2062 463 2098 re
485 2042 599 2119 publiea
619 2041 774 2100 rettulistil
816 2044 861 2102 At
877 2039 918 2102 ad

73 2141 145 2197 ‹puos
161 2121 267 2178 refert?
287 2122 317 2177 di
332 2122 524 2180 immortales!
546 2122 583 2178 ad
596 2141 645 2179 eos
661 2121 779 2193 seilicet,
791 2141 917 2200 quorum

73 2201 155 2258 nobis
173 2200 258 2257 etiam
276 2201 337 2257 dies
355 2201 462 2258 natales
483 2202 617 2259 audiendi
634 2207 708 2258 sunt.
754 2207 800 2259 15.
816 2203 917 2263 Hodie

72 2301 130 2338 non
149 2281 296 2338 descondit
313 2281 467 2339 Antonius
510 2282 586 2338 Curi
627 2280 686 2337 Dat
702 2281 869 2340 nataliciam
888 2286 917 2341 in

73 2361 170 2420 hortis.
214 2361 287 2419 Ouit
332 2362 484 2419 Neminem
513 2361 676 2418 nominabo
719 2360 826 2419 Putate
853 2373 915 2421 tum

73 2441 242 2500 Phormioni
257 2442 349 2513 alieni,
360 2450 422 2499 tum
436 2441 592 2511 Gnathoni,
602 2448 665 2498 tum
679 2440 765 2497 ctiam
777 2440 915 2502 Ballioni.

74 2521 99 2579 O
113 2523 282 2580 foeditatem
300 2523 426 2579 hominis
442 2521 630 2598 flagitiosam!
652 2519 916 2597 Oimpudentiam,

73 2604 238 2678 nequitiam,
252 2603 399 2659 libidinem
417 2621 475 2658 non
490 2601 653 2658 ferendam!
694 2600 740 2656 Tu
756 2619 823 2656 cum
838 2604 918 2679 prin-

73 2681 165 2757 cipem
178 2690 346 2754 senatorem,
359 2683 449 2739 civem
461 2680 633 2757 singularem
646 2688 704 2737 tam
717 2680 916 2759 propinquum

73 2759 184 2832 habeas,
197 2763 234 2818 ad
255 2782 320 2819 enm
342 2763 377 2819 de
398 2782 427 2818 re
444 2762 558 2839 publiea
575 2760 646 2817 nihil
664 2760 784 2818 referas:
807 2763 917 2820 referas

73 2841 109 2896 ad
131 2861 186 2911 eos,
200 2843 248 2917 qni
272 2862 351 2898 suam
373 2862 432 2899 rem
452 2840 558 2897 nullam
580 2839 695 2911 habent,
711 2848 789 2897 tuam
810 2841 918 2900 exhan

74 2921 168 2978 rinntl
209 2921 287 2978 Tuus
308 2921 439 2978 videlicet
460 2921 589 2977 salutaris
610 2919 780 2990 consulatus,
794 2923 916 2997 pernici-

74 3020 140 3057 osus
162 3021 249 3057 mens
294 3000 359 3057 Vll.
382 3001 500 3057 Adeone
522 3000 662 3077 pudorem
686 3020 750 3056 cum
773 3000 915 3077 pudicitia

74 3081 231 3155 perdidisti,
245 3088 276 3137 ut
297 3079 351 3135 boe
373 3080 402 3136 in
424 3100 457 3137 eo
479 3079 587 3156 templo
609 3077 807 3137 dicere'ausns
823 3080 870 3152 sis,
884 3083 913 3138 in

75 3179 131 3232 quo
153 3180 206 3235 ego
231 3165 360 3215 senatum
382 3159 471 3226 illum,
488 3160 536 3236 qni
558 3158 701 3235 ‹prondam
725 3159 828 3217 florens
849 3161 912 3218 orbi
