1988 3480
347 120 425 172 cAP.
442 121 559 183 111.-v.,
576 119 676 182 §7-12.
904 127 935 176 bl

96 226 185 303 ipsius
195 243 283 283 manu
293 224 483 302 Allobrogum
498 226 609 284 senatui
623 233 652 285 et
665 227 783 304 populo,
793 247 853 286 sese
864 248 936 305 quae

96 325 194 364 eorum
211 305 312 381 legatis
333 305 526 363 confirmasset
542 307 687 364 facturum
708 326 784 366 esse:
807 327 886 366 orare
903 317 936 368 ut

95 387 165 443 item
180 385 221 441 illi
235 386 362 442 facerent
376 404 448 462 quae
465 386 519 444 sibi
533 386 620 463 legati
638 407 737 444 eorum
753 389 933 464 recepissent.

95 465 169 523 Tum
185 464 337 540 Cethegus
349 466 397 542 qui
408 465 504 543 paullo
519 472 585 523 ante
599 466 708 543 aliquid
721 474 817 525 tamen
829 469 864 525 dc
878 469 935 545 gla-

95 545 150 602 diis
167 565 200 601 ac
217 545 289 614 sicis,
305 564 377 621 quae
394 546 470 621 apud
487 546 583 622 ipsum
600 554 680 604 erant
696 547 879 625 deprehensa,
895 568 936 606 re·
973 582 975 587 >

95 625 257 701 spondisset
271 625 444 702 dixissetque
458 645 487 682 se
502 645 614 702 semper
627 626 768 684 bonorum
782 628 936 686 ferramen-

94 712 190 764 torum
207 705 368 762 studiosum
389 705 486 776 fuisse,
501 706 627 763 recitatis
647 706 750 765 litteris
770 707 936 765 debilitatus

95 792 180 862 atque
195 784 322 842 abiectus
336 785 510 843 conscientia
523 793 639 863 repente
653 787 800 844 conticuit.
843 787 934 846 Intro·

95 865 198 925 dietus
215 872 257 922 est
274 864 420 923 Statilius:
442 867 578 943 cognovit
595 873 624 924 et
641 867 756 944 signum
773 874 802 924 et
815 886 934 925 manum

95 964 183 1002 suam.
225 945 372 1003 Recitatae
389 954 455 1003 sunt
469 946 589 1004 tabellae
605 947 635 1004 in
653 948 782 1005 eamdem
797 947 858 1004 iere
874 967 936 1006 sen·

94 1025 229 1082 tentiam:
245 1026 451 1084 confessusest.
481 1026 680 1084 Tumostendi
688 1026 935 1085 tabellasLentulo

95 1112 124 1162 et
146 1105 271 1182 quaesivi
293 1112 513 1183 cognosceretne
536 1106 659 1183 signum.
697 1106 817 1165 Adnuit.
857 1107 935 1181 “Est

94 1185 188 1256 uero,”
206 1186 331 1262 inquam,
351 1186 479 1244 “notum
503 1186 620 1262 quidem
637 1187 760 1264 signum,
776 1188 872 1263 imago
889 1187 935 1243 avi

94 1266 145 1336 tui,
162 1265 309 1322 clarissimi
324 1266 376 1322 viri
392 1267 441 1343 qui
458 1267 564 1323 amavit
577 1267 661 1324 unice
675 1267 797 1344 patriam
815 1273 844 1323 et
858 1267 934 1323 cives

95 1363 179 1403 suos:
200 1364 271 1421 quae
286 1346 402 1422 quidem
417 1353 446 1402 te
460 1366 477 1403 a
489 1341 571 1404 tanto
586 1346 689 1404 scelere
702 1347 788 1403 etiam
803 1352 936 1403 mutare

94 1444 195 1481 vocare
209 1424 336 1481 debuit.’'
380 1431 424 1482 11.
442 1425 590 1501 Leguntur
603 1426 703 1483 eadem
717 1426 827 1483 ratione
842 1426 879 1483 ad
893 1445 934 1484 se-

95 1511 195 1562 natum
216 1503 407 1580 Allobrogum
431 1504 627 1581 populumque
648 1505 767 1563 litterae.
810 1505 841 1563 Si
865 1505 936 1582 quid

95 1583 131 1640 de
148 1583 194 1640 his
213 1583 297 1640 rebus
314 1583 407 1641 dicere
424 1584 517 1654 vellet,
532 1584 589 1641 feci
612 1591 793 1660 potestatem.
835 1584 935 1661 Atque

95 1663 142 1720 ille
163 1663 257 1740 primo
279 1663 395 1739 quidem
416 1664 548 1740 negavit:
571 1669 638 1741 post
658 1671 754 1721 autem
778 1664 934 1741 aliquanto,

95 1749 158 1800 toto
169 1743 226 1800 iarn
238 1743 345 1800 indicio
357 1744 487 1820 exposito
501 1749 587 1820 atque
598 1743 684 1815 edito,
695 1744 832 1802 surrexit:
853 1763 936 1821 quae·

95 1823 162 1880 sivit
178 1842 195 1879 a
211 1822 300 1880 Gallis
318 1823 387 1900 quid
404 1823 459 1880 sibi
475 1831 549 1880 esset
565 1843 632 1880 cum
651 1823 695 1894 iis,
712 1842 797 1900 quam
818 1824 856 1882 ob
873 1843 934 1882 rem

95 1903 214 1961 domum
235 1923 315 1960 suam
332 1905 483 1974 venisseut,
498 1904 626 1981 itemque
642 1922 659 1960 a
675 1903 834 1962 Vulturcio.
877 1903 935 1972 Qui

95 2003 160 2041 eum
184 1983 227 2040 illi
249 1982 374 2041 breviter
399 1990 619 2060 constanterque
642 1984 863 2061 respondissent,
884 2003 936 2061 per

95 2083 180 2140 quem
197 2064 314 2120 adeum
331 2063 520 2141 quotiensque
537 2064 687 2134 venissent,
704 2065 935 2141 quaesissentque

95 2143 130 2201 ab
145 2163 187 2214 eo,
199 2143 310 2201 nihilne
325 2163 421 2201 seeum
436 2151 510 2201 esset
523 2144 559 2202 de
569 2144 638 2201 fatis
649 2142 799 2220 Sibyllinis
812 2144 934 2215 loeutus,

95 2231 158 2280 tum
175 2223 223 2280 ille
244 2223 339 2280 subito
357 2224 459 2282 scelere
480 2224 597 2282 demens
615 2232 726 2301 quanta
746 2224 936 2282 conscientiae

96 2304 138 2360 vis
154 2310 228 2360 esset
244 2304 379 2362 ostendit.
421 2304 497 2361 Nam
514 2324 580 2361 cum
596 2304 627 2360 id
643 2311 741 2380 posset
758 2303 882 2374 infitiari,
895 2323 936 2360 re

96 2391 181 2460 pente
192 2389 303 2460 praeter
317 2384 483 2460 opinionem
498 2384 628 2440 omnium
643 2385 790 2440 confessus
804 2391 853 2441 est.
891 2383 936 2439 lta

96 2483 161 2520 eum
176 2483 234 2520 non
248 2463 337 2520 modo
351 2464 499 2541 ingenium
511 2463 621 2520 illudet
635 2463 750 2520 dicendi
761 2463 934 2532 exercitatio,

97 2563 152 2619 qua
169 2563 280 2621 semper
296 2543 393 2614 valuit,
406 2543 455 2600 sed
473 2544 559 2600 ctiam
576 2550 694 2620 propter
710 2543 769 2599 vim
788 2541 936 2599 manifesti

97 2630 125 2678 et
139 2623 309 2700 deprehensi
323 2623 434 2681 sceleris
445 2624 632 2700 impudentia,
645 2642 701 2699 qua
715 2622 866 2699 superabat
876 2641 937 2678 om-

97 2721 155 2771 nes,
167 2703 393 2780 improbitasque
410 2704 523 2763 defecit.
568 2708 613 2760 la.
626 2702 794 2760 Vulturoins
808 2721 874 2758 vero
892 2721 937 2757 su-

97 2780 159 2837 bito
176 2782 284 2838 litteras
300 2783 422 2858 proferri
439 2791 525 2859 atque
542 2782 645 2859 aperiri
659 2782 738 2839 iubet
760 2802 829 2858 quas
846 2782 900 2838 sibi
919 2800 937 2837 a

99 2861 220 2918 Lentulo
234 2862 272 2918 ad
286 2862 439 2919 Catilinam
454 2864 534 2920 datas
548 2882 608 2920 esse
622 2862 741 2919 dicebat.
780 2863 877 2937 Atque
895 2861 936 2917 ibi

98 2941 345 2999 vehementissime
362 2943 544 3020 perturbatus
565 2942 701 2999 Lentulus
720 2949 817 2998 tamen
837 2949 865 2996 et
882 2941 937 3015 sig-

97 3041 167 3077 num
182 3028 211 3078 et
224 3041 342 3078 manum
357 3042 436 3079 suam
451 3023 599 3100 cognorit.
631 3015 957 3083 brantuutemtssixq-

44 3123 52 3134 ·
95 3099 155 3178 tae]
167 3102 229 3160 sinc
244 3103 374 3177 nomine,
385 3104 439 3164 sed
451 3105 514 3164 ita:
537 3104 616 3178 Quis
631 3103 691 3159 dun
705 3099 779 3155 scies
792 3111 829 3148 es
841 3096 988 3175 eumenem

83 3181 128 3238 ud
139 3189 165 3241 te
178 3184 256 3245 misi.
303 3184 441 3247 Ourout
458 3189 506 3247 eir
524 3189 578 3259 sis,
588 3192 618 3243 et
632 3180 736 3256 cogite
752 3185 848 3247 (1111111
859 3158 981 3215 mm
