1988 3480
352 142 479 200 emer,
497 141 543 201 11.‚
561 139 646 199 §1-5.
872 144 920 187 are

81 240 114 298 ln
127 259 183 317 quo
197 240 314 316 temple,
328 246 467 316 quantum
481 240 511 296 in
525 259 571 297 me
585 240 651 311 fuit,
663 240 717 296 ieci
731 240 920 298 fundamenta

80 321 157 396 pacis
179 319 457 396 Atheniensiumque
479 321 612 377 renovavi
634 327 716 377 vetus
738 319 919 397 exemplum:

79 399 220 456 Graecum
234 400 321 455 etiam
335 399 453 456 verbum
467 400 609 476 usurpavi,
623 419 679 476 quo
694 406 757 456 tum
774 401 804 456 in
822 400 920 456 sedan-

80 479 124 535 dis
141 478 291 535 discordiis
307 498 358 535 usa
375 486 435 535 erat
451 479 551 535 civitas
568 479 616 535 illa
629 485 714 555 atque
730 498 846 535 omnem
863 499 921 536 me-

80 558 200 615 moriam
212 558 416 615 discordiarum
428 558 571 615 oblivione
586 559 759 636 sempiterna
769 559 920 615 delendam

80 638 183 696 censui.
221 645 247 695 2.
260 637 407 695 Praeclara
423 646 486 695 tum
503 639 594 695 oratio
612 638 650 695 M.
663 639 794 708 Antonii,
806 639 921 714 egregia

80 719 166 775 etiarn
181 717 328 775 voluntas:
350 737 405 794 pax
420 717 542 794 denique
559 737 610 794 per
624 737 689 775 cum
707 725 735 774 et
749 736 800 794 per
816 717 921 774 liberos

80 799 140 854 cius
168 817 233 854 cum
261 797 512 874 praestantissimis
539 797 648 854 civibus
676 796 843 854 confirmata
867 804 918 854 est.

80 876 176 954 Atque
194 877 238 934 his
254 877 403 954 principiis
420 876 528 953 reliqua
545 876 768 934 consentiebant.
808 876 856 933 Ad
873 876 921 935 de-

80 957 260 1015 liberationes
282 976 335 1028 eas,
353 976 422 1033 quas
442 956 566 1014 habebat
587 956 667 1014 domi
688 957 723 1014 dc
744 957 918 1034 republica,

79 1037 221 1114 principes
238 1037 362 1094 civitatis
381 1036 551 1094 adhibebat:
573 1037 610 1094 ad
631 1036 706 1094 hunc
724 1037 854 1094 ordinem
875 1056 920 1094 res

80 1117 202 1193 optimas
219 1116 382 1174 deferebat:
403 1117 477 1173 nihil
491 1124 554 1174 tum
571 1117 626 1173 nisi
644 1117 722 1192 quod
739 1125 798 1174 erat
815 1123 919 1174 notum

79 1197 212 1254 omnibus
233 1197 262 1252 in
284 1195 315 1253 O.
329 1196 456 1253 Caesaris
477 1197 689 1253 commentariis
710 1196 918 1273 reperiebatur:

79 1296 191 1332 summa
214 1276 376 1332 constantia
399 1276 437 1332 ad
464 1295 504 1345 ea,
523 1295 594 1351 quae
620 1276 747 1351 quaesita
771 1283 920 1345 erantne·

80 1355 245 1431 spondebat.
290 1361 316 1412 3.
333 1355 411 1411 Num
434 1356 482 1431 qui
504 1355 613 1411 exsules
634 1355 777 1411 restitutit
818 1354 920 1412 Unum

80 1435 181 1504 aiebat,
196 1442 341 1510 praeterea
361 1435 513 1491 neminem.
557 1434 635 1491 Num
656 1434 853 1491 immunitates
873 1434 919 1491 da·

79 1515 143 1571 tae?
178 1513 288 1584 Nullae,
301 1513 499 1591 respondebat.
532 1512 679 1570 Adsentiri
691 1514 777 1570 etiam
792 1533 845 1570 nos
859 1513 918 1572 Ser.

80 1593 215 1670 Sulpici0,
228 1593 383 1650 clarissimo
405 1593 474 1663 vire,
487 1593 586 1663 voluit,
602 1613 637 1649 ne
659 1612 715 1670 qua
734 1593 833 1650 tabula
853 1603 920 1670 post

80 1673 149 1730 Idus
163 1673 280 1729 Martias
293 1672 378 1729 ullius
392 1672 499 1730 decreti
510 1672 637 1729 Caesaris
652 1679 701 1729 aut
712 1672 842 1730 beneficii
853 1673 920 1751 fige·

80 1761 164 1810 retur.
200 1751 293 1809 Multa
309 1759 454 1829 praetereo
470 1772 558 1829 eaque
575 1752 723 1828 praeclara
750 1752 808 1809 -Ad
826 1754 919 1830 singu-

80 1832 136 1889 lare
151 1832 227 1889 enim
242 1832 280 1889 M.
293 1832 415 1889 Antonii
432 1832 541 1889 factum
556 1833 674 1889 festinat
688 1833 787 1890 oratio.
823 1833 919 1891 Dicta-

80 1919 181 1983 turam,
203 1931 274 1989 quae
298 1913 356 1969 iam
380 1913 438 1968 vim
466 1913 559 1988 regiae
584 1912 735 1988 potestatis
760 1912 918 1985 obsederat,

79 1992 211 2049 funditus
225 2010 259 2050 ex
272 2012 302 2050 re
317 1991 431 2069 publica
445 1992 575 2049 sustulit:
594 1991 630 2049 de
644 2012 701 2069 qua
714 2012 751 2050 ne
765 1995 920 2051 sententias

80 2072 196 2148 quidem
210 2073 342 2129 diximua
379 2070 524 2148 Scriptum
539 2078 653 2129 senatus
667 2073 830 2130 consultum
842 2073 920 2151 quod

79 2151 140 2208 fieri
151 2152 235 2209 vellet
246 2151 350 2221 attulit,
361 2170 418 2227 quo
430 2152 548 2208 recitato
560 2153 759 2210 auctoritatem
772 2155 832 2211 eius
846 2173 921 2211 sum-

79 2250 128 2287 mo
143 2231 238 2287 studio
253 2231 343 2287 secuti
357 2250 454 2287 sumus
469 2231 551 2308 eique
565 2232 749 2308 amplissimis
764 2233 856 2290 verbis
870 2253 921 2310 per

81 2309 370 2367 senatusconsultum
385 2310 624 2387 gratiasegimus,
657 2311 695 2369 Il.
722 2318 748 2369 4.
762 2312 823 2368 Lux
839 2332 921 2389 quae-

81 2389 147 2444 dam
164 2389 314 2445 videbatur
331 2389 426 2445 oblata
442 2409 500 2446 non
511 2391 606 2451 ,modo
623 2410 719 2467 regne,
733 2392 811 2467 quod
827 2399 921 2468 pertu-

80 2468 210 2538 leramus,
223 2467 370 2525 sedetiam
384 2470 464 2545 regni
475 2469 579 2527 timore
594 2470 715 2541 sublate,
727 2489 920 2547 magnumque

81 2548 185 2624 pignus
199 2547 234 2604 ab
246 2567 279 2604 eo
293 2548 333 2604 rei
348 2547 477 2625 publicae
488 2550 597 2621 datum,
608 2569 637 2607 se
648 2549 765 2607 liberam
776 2550 920 2607 civitatem

81 2647 141 2684 esse
155 2627 234 2698 velle,
246 2647 311 2684 cum
329 2628 477 2686 dictatoris
493 2648 608 2700 nomen,
621 2629 699 2706 quod
716 2648 799 2705 saepe
814 2630 921 2686 iustum

81 2707 191 2777 fuisset,
209 2714 327 2784 propter
347 2705 501 2786 perpetuae
523 2709 679 2766 dictaturae
700 2716 842 2766 recentem
864 2728 922 2766 me

10 2795 11 2799 ’
81 2787 201 2842 moriam
219 2787 350 2845 funditus
367 2808 401 2846 ex
418 2808 448 2846 re
465 2788 579 2866 publica
596 2789 762 2846 sustulisset.
802 2796 827 2846 5.
841 2788 922 2845 Libe-

81 2873 159 2923 ratus
182 2867 309 2942 periculo
334 2868 428 2925 caedis
452 2869 550 2944 paucis
573 2876 641 2944 post
663 2869 763 2925 diebus
788 2876 920 2925 senatus:

81 2966 171 3003 uncus
188 2947 330 3025 impactus
347 2956 389 3004 est
403 2949 528 3024 fugitivo
542 2948 592 3019 illi,
605 2949 653 3024 qui
671 2949 701 3004 in
716 2948 798 3004 Marii
816 2967 921 3004 nomen

81 3026 228 3084 invaserat.
268 3028 366 3104 Atque
383 3027 451 3084 haec
466 3028 563 3084 omnia
577 3028 767 3084 communiter
784 3047 848 3084 cum
867 3027 922 3084 col·

81 3104 160 3184 lega:
179 3107 234 3164 alia
248 3126 333 3183 porro
347 3107 463 3183 propria
476 3106 661 3164 Dolabellae:
678 3108 838 3183 optamus&
846 3106 934 3158 sobe-

10 3182 49 3263 h
75 3204 117 3264 ga
129 3187 258 3260 afuisset,
271 3186 357 3246 credo
372 3187 410 3246 iis
425 3187 531 3247 futura
542 3187 640 3245 tuisse
653 3182 844 3244 commonita.
869 3175 967 3227 bow
