1988 3480
75 119 108 166 80
245 117 284 164 IN
302 117 331 165 L.
347 115 551 166 CATILINAM
568 115 702 166 ORATIO
719 117 742 166 1.

76 219 164 275 farios
180 237 233 274 uec
249 218 360 293 privata
376 217 479 274 domus
496 218 652 294 parietibus
669 220 816 277 continere
831 240 922 279 voces

76 298 281 354 coniurationis
291 304 357 354 tuae
366 299 480 374 potest?
498 299 521 354 si
533 298 716 370 illustrantur,
727 300 750 355 si
762 308 920 381 erumpunt

77 378 191 434 omnial
226 377 307 434 Muta
317 378 374 434 iam
389 378 472 435 istam
483 385 618 448 mentem,
631 378 702 434 milri
717 380 806 449 erede,
818 379 919 437 oblivi-

77 476 153 514 scere
171 457 264 514 caedis
285 464 370 535 atque
386 458 591 514 incendiorum.
634 457 750 514 Teneris
772 459 919 535 undique:

76 537 138 594 luco
154 544 219 594 suut
230 537 348 594 clariora
362 538 444 594 uobis
459 546 509 595 tua
522 537 641 594 consilia
655 539 759 609 omuia,
772 558 844 615 quae
858 539 920 596 iam

76 637 189 674 mecum
206 617 272 674 licet
289 637 481 693 recognoscas,
525 616 550 674 7.
570 617 764 674 Meministine
784 638 831 674 me
850 626 920 676 autc

77 697 153 754 diem
169 717 220 754 xu.
233 697 378 754 Kalendas
393 697 571 758 Novembres
584 697 678 754 dicere
692 698 722 753 in
739 705 839 755 senatu
852 698 920 756 fore

77 777 107 833 iu-
124 778 209 833 armis
226 785 304 834 certo
321 777 376 848 die,
390 777 439 854 qui
456 777 516 834 dies
533 777 647 833 futurus
666 785 739 834 essct
756 785 821 834 ante
831 778 917 835 diem

77 876 117 913 vr.
130 856 194 913 Kal
208 856 392 927 Novembres,
409 856 441 914 O.
454 856 602 926 Manlium,
615 857 748 913 audaciae
766 854 946 915 satellitem'

77 943 163 1012 atque
177 936 377 992 administrum
389 938 473 993 tuael
508 936 585 992 Num
600 955 646 992 me
661 936 772 1006 fefellit,
784 936 920 1008 Catilina,

77 1035 135 1072 nou
152 1015 240 1072 modo
258 1035 302 1072 res
322 1023 410 1087 tanta,
422 1023 481 1073 tam
503 1022 584 1072 atrox
601 1023 716 1092 tamque
734 1016 920 1088 incredibilis,

78 1115 184 1166 verum,
200 1096 231 1151 id
249 1095 326 1172 quod
343 1096 435 1153 multo
451 1095 544 1172 magis
560 1103 603 1152 est
617 1096 825 1166 admirandum,
838 1096 921 1154 diest

77 1174 147 1232 Dixi
162 1194 216 1252 ego
230 1175 307 1232 idem
321 1176 351 1231 iu
367 1184 465 1233 senatu
481 1175 596 1233 caedem
610 1183 639 1232 te
654 1175 837 1251 optimatium
852 1195 923 1232 cou-

77 1256 175 1313 tulisse
196 1256 227 1312 iu
251 1262 316 1312 ante
342 1255 418 1312 diem
439 1275 466 1312 v.
485 1254 629 1312 Kalendas
651 1255 835 1325 Novembres,
853 1262 919 1311 turn

77 1355 143 1392 eum
168 1335 253 1392 multi
277 1336 420 1412 principes
444 1335 568 1392 civitatis
592 1334 686 1392 Roma
709 1354 767 1390 uon
788 1342 848 1392 tarn
873 1336 920 1392 sui

78 1415 264 1472 conservandi
282 1435 366 1492 quam
384 1423 499 1473 tuorum
521 1415 703 1471 consiliorum
725 1415 920 1491 reprimendo-

77 1515 141 1552 rum
158 1514 244 1552 causa
260 1496 457 1572 profugerunt.
500 1493 579 1551 Num
596 1494 711 1551 infitiari
728 1501 810 1571 potes
824 1501 853 1551 tc
867 1494 920 1551 illo

77 1576 140 1652 ipso
152 1576 198 1633 dic
212 1575 284 1632 meis
295 1577 449 1652 praesidiis
460 1594 524 1632 mea
538 1575 687 1651 diligentia
700 1574 919 1631 circumclusum

77 1675 257 1713 commovere
278 1662 307 1713 tc
328 1664 427 1714 contra
448 1675 508 1712 rem
532 1654 676 1731 publicam
700 1674 759 1710 non
780 1655 918 1730 potuisse,

77 1754 143 1792 eum
157 1743 186 1792 te
201 1736 327 1792 discessu
342 1743 499 1793 ceterorum
517 1741 614 1791 nestra
627 1741 732 1805 tamen,
746 1735 795 1810 qui
809 1753 921 1790 reman-

78 1815 218 1885 sissemus,
232 1815 317 1871 caede
338 1821 505 1871 contentum
527 1833 586 1869 esse
608 1813 739 1870 dicebas?
781 1820 806 1870 8.
823 1812 922 1880 Quidt.

78 1913 143 1950 cum
164 1900 193 1950 te
214 1894 367 1950 Praeneste
389 1893 528 1949 Kalendis
547 1892 617 1968 ipsis
638 1892 848 1950 Novembribus
873 1912 924 1950 oe··

78 1979 247 2048 cupaturum
269 1979 410 2029 nocturno
431 1973 543 2048 impetu
567 1991 626 2029 esse
651 1972 816 2044 confideres,
833 1973 923 2029 sensi-

78 2053 151 2109 stine
162 2051 240 2108 illam
252 2052 393 2109 coloniam
408 2071 473 2108 meo
485 2052 562 2108 iussu
576 2052 648 2109 meis
658 2054 814 2129 praesidiis,
827 2059 921 2109 custo-

78 2132 133 2188 diis
147 2131 308 2209 vigiliisque
323 2151 383 2188 esse
398 2132 559 2189 munitam?
596 2131 676 2188 Nihil
691 2133 760 2209 agis·
773 2132 844 2188 uilril
859 2151 923 2189 mo-

77 2211 145 2282 liris
158 2211 230 2267 nihil
250 2212 367 2288 cogitas
381 2212 450 2289 quin
473 2231 526 2289 ego
547 2231 605 2270 uon
622 2212 711 2268 modo
729 2212 851 2282 audiam,
868 2212 921 2269 sed

78 2292 165 2348 etiam
190 2291 301 2349 videam
326 2292 466 2370 planeque
491 2293 621 2350 seutiam.
664 2292 715 2348 IV.
735 2292 920 2368 Recognosce

78 2390 191 2428 mecum
212 2372 329 2430 tandem
349 2381 465 2431 noctem
486 2371 564 2430 illam
586 2372 776 2449 superiorem:
799 2373 856 2427 iam
877 2372 923 2427 iu-

78 2451 188 2529 telliges
208 2453 300 2510 multo
321 2472 368 2510 me
384 2453 500 2530 vigilare
522 2453 613 2510 acrius
634 2451 671 2508 ad
692 2451 810 2507 salutem
833 2469 920 2527 quam

78 2537 106 2588 te
126 2533 163 2589 ad
176 2534 331 2610 perniciem
350 2533 390 2591 rei
407 2533 544 2610 publicae.
587 2532 662 2588 Dico
679 2537 707 2586 te
724 2531 817 2605 priore
834 2537 920 2587 nocte

79 2613 187 2669 venisse
204 2615 279 2671 inter
295 2614 537 2671 falcarios-nou
557 2630 640 2688 agam
660 2609 860 2666 obscure—iu
878 2609 921 2667 M„

80 2688 184 2767 Laecae
202 2693 339 2750 domum:
362 2694 526 2750 convenisse
544 2692 645 2747 eodem
667 2689 827 2765 complures
848 2690 923 2746 eius—

80 2769 147 2826 dem
163 2773 302 2829 amentiae
320 2773 486 2848 scelerisque
508 2770 607 2827 socios
651 2769 729 2826 Num
751 2789 853 2846 negare
872 2789 919 2825 au-

80 2849 147 2906 dcsl
169 2852 238 2927 quid
255 2854 349 2909 taccsl
370 2853 544 2919 convincam,
558 2850 581 2905 si
598 2868 692 2925 negas
729 2850 823 2908 Video
841 2850 919 2906 euim

80 2949 139 2986 esse
154 2929 200 2986 hic
216 2932 246 2987 in
265 2940 363 2988 senatu
382 2931 529 3008 quosdam,
543 2929 591 3005 qui
608 2936 703 2985 tecum
720 2950 778 2987 uua
791 2931 917 2986 fuerunt.

81 3014 106 3064 9.
126 3009 192 3066 Odi
206 3011 397 3068 immortales!
419 3010 535 3067 ubinam
550 3009 680 3085 gentium
695 3012 811 3067 sumusl
832 3026 920 3084 quam

80 3107 140 3144 rem
153 3089 297 3165 publicam
309 3091 465 3148 habemus?
486 3090 515 3145 in
528 3108 583 3165 qua
596 3088 665 3146 urbc
677 3090 816 3147 vivimus?
851 3087 919 3142 Hic.

65 3166 117 3219 hie
128 3176 203 3238 suut,
216 3171 248 3227 1¹11
264 3177 367 3229 uestro
384 3191 514 3245 numeru,
528 3176 626 3250 patros
644 3169 813 3246 conscripti,
821 3167 858 3222 iu
867 3166 906 3222 lu
