1988 3480
283 131 361 181 cnr.
379 130 544 191 ιιι-Χιν,
560 128 574 189 ι
589 131 680 179 eoas.
856 129 904 179 ιιι

63 237 121 293 tior
133 233 284 291 hominum
299 233 454 289 memoriae
468 231 677 308 sempitemaet
711 229 746 287 In
759 229 845 288 huius
858 251 905 290 me

63 324 96 372 tu
113 313 224 371 consilii
242 312 406 369 societatem
423 318 569 388 tamquam
583 308 614 368 in
629 331 734 389 equum
748 310 905 368 Troianum

64 414 129 451 curn
156 391 334 469 principibus
358 391 499 449 includis?
544 398 590 449 33.
613 392 680 449 Non
709 410 824 449 recuso:
849 411 905 469 ago

64 475 150 531 etiam
167 473 281 549 gratias,
294 491 410 548 quoquo
427 472 524 528 animo
538 471 617 528 facis.
660 471 753 529 Tanta
769 472 846 529 enim
860 492 905 530 res

31 601 34 607 .
63 560 115 624 est,
127 559 160 610 ut
177 552 315 609 invidiam
332 551 426 621 istam,
439 570 525 628 quam
539 558 571 608 tu
585 552 615 607 ιιι
632 571 679 608 me
693 552 736 608 vis
752 552 903 625 concitare,

63 653 129 690 cum
144 632 227 690 laude
241 650 301 688 non
316 650 488 708 comparem.
531 630 608 699 Quid
622 632 699 688 enirn
713 630 787 688 beat'
767 639 824 688 trus
839 631 903 704 illis,

64 720 189 791 questu
210 711 343 789 expulsos
365 730 382 768 a
403 720 433 768 te
454 711 602 787 praedicas
622 718 652 769 et
672 711 830 787 relegatos.
855 713 905 788 qui

63 794 143 851 locus
163 800 206 851 est
225 800 275 850 aut
291 799 351 850 tam
369 790 462 848 desert
451 799 497 848 tus
518 799 567 848 aut
584 799 643 848 tarn
665 791 838 848 inhumanus
855 792 904 882 qui

62 874 135 945 illos,
148 893 214 930 cum
234 872 411 941 accesserint,
428 890 487 928 non
504 871 642 928 adfarit
613 879 698 948 atque
715 878 854 948 appetere
865 872 906 928 vi·

63 953 181 1014 deatur.
202 954 251 1090 qui
268 945 399 1010 homines
419 957 480 1008 tam
501 959 626 1028 agrestes
638 951 697 1042 ‘qui
718 970 755 1022 se,
767 970 833 1008 eum
855 970 905 1008 eos

62 1034 231 1110 aspexerint,
244 1052 302 1090 non
319 1032 477 1089 maximum
495 1033 603 1108 cepisse
617 1031 658 1088 vit
658 1051 692 1088 ae
647 1031 785 1088 ttfruc
773 1038 834 1087 tum
853 1050 905 1107 pu·

62 1115 143 1171 tent.
164 1132 236 1191 quae
253 1132 320 1170 vero
337 1119 397 1170 tam
414 1112 567 1168 immemor
583 1111 744 1187 posteritas
757 1130 828 1187 quac
842 1119 903 1168 tam

61 1193 189 1270 ingratae
215 1193 249 1250 lit
237 1200 327 1251 tterae
353 1191 537 1282 reperientur,
557 1210 629 1267 quae
656 1209 755 1247 eorum
782 1190 903 1265 gloriam

61 1292 119 1330 non
133 1272 358 1329 immortalitatis
372 1271 511 1328 memoria
520 1276 695 1346 prosequant
697 1271 745 1326 ιιιι
777 1268 822 1326 Tu
836 1289 903 1330 vcro

62 1352 169 1409 ascribe
183 1371 230 1408 me
240 1351 346 1408 talem
338 1370 369 1407 ιιι
383 1369 542 1407 numerum.
578 1349 661 1406 XIV.
690 1354 735 1406 34.
749 1348 903 1410 sedunam

62 1451 122 1488 rcrn
142 1450 240 1488 vereor
260 1449 297 1486 ne
317 1449 376 1486 non
398 1429 509 1506 probes
552 1428 583 1486 Si
602 1429 679 1486 enim
700 1428 828 1499 fuissem,
844 1448 904 1490 non

62 1511 155 1567 solum
171 1529 276 1602 regern,
289 1509 340 1567 scd
354 1510 440 1566 etiam
455 1528 575 1585 regnum
590 1509 669 1566 dere
684 1507 799 1588 publica
812 1516 904 1567 sustu-

61 1591 173 1648 lissem:
196 1597 233 1661 et,
246 1590 270 1646 si
286 1609 367 1646 meus
382 1597 407 1646 st
396 1589 463 1646 tilus
477 1589 524 1646 ille
539 1589 649 1659 fuisset,
660 1597 692 1645 ut
706 1583 777 1646 dicit
765 1595 819 1659 t,ur
830 1589 903 1648 mihi

62 1671 152 1741 erede,
168 1689 227 1726 non
248 1669 340 1726 solum
362 1688 451 1726 unum
473 1675 577 1740 actum,
593 1669 643 1726 sed
661 1676 754 1726 totam
775 1633 903 1727 fabulam

62 1750 256 1807 confecissem.
299 1748 480 1826 Quamquam
501 1749 525 1805 si
546 1713 667 1806 interfici
684 1747 834 1806 Caesarem
855 1769 904 1807 vo

61 1829 146 1887 luisse
165 1830 273 1886 crimen
292 1836 343 1899 est,
357 1828 429 1900 vide,
442 1847 555 1906 quaeso,
567 1829 688 1899 Antoni,
701 1828 772 1905 quid
788 1828 842 1885 tibi
859 1829 904 1886 fu-

28 1954 30 1959 .
60 1916 157 1966 turum
175 1910 220 1981 sit,
234 1928 319 1986 quem
336 1916 366 1967 ct
382 1908 517 1966 Narbone
537 1908 593 1966 hoo
612 1908 764 1966 consilium
785 1927 851 1966 cum
868 1907 901 1968 O.

60 1989 203 2047 Trebonio
223 1989 330 2066 cepisse
347 1989 530 2047 notissimum
552 1995 595 2046 est
611 1995 641 2046 et
657 1989 695 2046 ob
712 1988 773 2046 eius
790 1988 903 2046 consilii

56 2070 233 2141 societatem,
244 2089 310 2126 curn
320 2069 526 2126 interficeretur
534 2067 645 2140 Cacsar,
656 2077 718 2126 tum
730 2076 759 2126 te
770 2087 787 2126 a
797 2067 903 2126 Trebo

60 2150 109 2206 nio
119 2150 244 2206 vidimus
255 2149 387 2206 sevocari.
420 2149 484 2224 Ego
495 2149 697 2206 autem—vide
708 2167 794 2226 quam
806 2156 901 2206 tecum

62 2247 145 2304 agam
160 2248 219 2285 non
233 2228 349 2285 inimice
359 2228 486 2304 i-quod
500 2228 572 2285 bene
590 2229 723 2305 cogitasti
737 2228 900 2305 aliquando,

61 2307 164 2364 laudo:
191 2307 270 2384 quod
290 2326 349 2363 non
370 2307 511 2377 indicasti,
523 2309 629 2383 gratias
649 2327 721 2384 ago:
743 2308 822 2385 quod
843 2326 901 2363 non

18 2453 19 2456 ¹
61 2387 164 2456 fecisti,
173 2387 299 2462 ignosco.
329 2386 434 2444 Virum
448 2405 492 2443 res
506 2387 555 2443 illa
565 2387 725 2464 quaerebat.
759 2393 804 2444 35.
816 2385 903 2454 Quod

61 2467 85 2523 si
100 2474 128 2523 te
143 2466 173 2523 in
187 2466 326 2524 iudicium
341 2466 405 2543 quis
421 2465 545 2523 adducat
558 2474 734 2544 usurpetque
750 2466 822 2523 illud
836 2465 903 2524 Cas·

61 2546 181 2616 sianum,
195 2564 246 2604 our
269 2565 349 2603 aoso
371 2565 488 2616 suanir,
501 2546 574 2616 vide,
587 2565 701 2623 quaeso,
717 2565 752 2603 ne
776 2545 900 2605 haereas.

52 2624 243 2717 ,Quamquam
253 2625 324 2682 illud
336 2625 521 2703 quidemt
463 2625 572 2695 ιιιιι,ιιι
560 2632 618 2683 ttu
633 2625 754 2696 dicebas,
767 2625 903 2683 omnibns

62 2705 138 2761 bono
141 2706 210 2781 ,qui
224 2706 328 2763 servire
342 2705 486 2775 nolebant,
499 2670 552 2762 tibi
566 2714 663 2763 tamen
680 2705 839 2797 praecipue,
852 2706 902 2783 qui

62 2803 121 2840 non
136 2750 224 2842 inodo
241 2804 299 2841 non
317 2785 411 2854 servis,
424 2785 517 2842 sedt
489 2793 517 2842 ct
518 2786 574 2842 iam
590 2805 698 2861 regnae,
712 2786 761 2861 qui
774 2786 902 2843 maximo

60 2871 89 2920 tc
104 2883 166 2921 acre
180 2865 272 2921 alieno
287 2864 323 2921 ad
340 2865 439 2921 aedem
452 2864 525 2941 'Opis
539 2865 691 2923 liberavist¹
671 2872 702 2935 ιι,
714 2865 762 2941 qui
776 2885 828 2942 per
845 2885 903 2923 eas-

61 2943 127 3000 dem
138 2944 248 3001 tabulas
263 2944 498 3001 innumerabilem
510 2945 661 3021 pecuniam
672 2945 854 3023 dissipavisti,
865 2944 902 3002 ad

61 3042 147 3099 quern
165 3044 180 3080 e
197 3024 285 3080 domo
300 3024 456 3082 Caesarist
444 3032 504 3081 tam
520 3025 594 3082 mult
582 3033 612 3082 ta
626 3025 701 3082 delat
689 3032 809 3095 tasunt,
821 3025 902 3083 euius

60 3103 139 3159 dorni
155 3104 406 3180 quaestuosissima
420 3111 462 3161 est
450 3104 617 3162 tfalsorum
629 3106 917 3162 coinmentar'mm

57 3182 360 3264 etebirographorum
374 3183 504 3259 officina,
513 3174 942 3263 agrorummpp’xboms'ffi
