1988 3480
72 106 103 154 al
243 103 283 151 IN
300 102 329 152 L.
345 100 549 150 CATILINAM
566 99 699 150 ORATIO
715 101 737 150 1.

72 224 129 260 non
147 201 309 259 arbitrarisl
330 208 367 271 et,
380 201 404 258 si
421 220 467 279 me
483 200 556 258 meis
573 200 682 257 civibus
696 200 799 258 iniuria
816 220 911 279 suspe

72 291 150 340 ctum
161 289 222 339 tam
232 281 357 357 graviter
366 288 452 358 atque
464 281 606 337 offensum
617 281 751 351 viderem,
760 300 853 339 carere
866 301 913 340 me

71 369 187 438 aspectu
208 361 322 431 civium,
339 380 424 437 quam
450 360 562 417 infestis
583 361 672 418 oculis
695 361 825 418 omnium
847 381 913 419 con-

72 443 143 518 spici
160 441 291 498 mallem:
313 448 354 511 tu,
367 461 432 498 cum
450 441 623 498 couscientia
641 441 777 498 scelerum
795 447 913 499 tuorum

71 541 208 596 agnoscas
225 521 324 578 odium
342 521 472 578 omnium
489 521 597 596 iustum
615 528 643 578 et
657 521 714 577 iam
732 521 782 578 diu
796 521 851 578 tibi
865 521 914 579 de

72 602 173 672 bitum,
187 601 308 672 dubitas,
325 621 446 678 quorum
469 607 579 658 mentes
600 620 754 677 sensusque
771 601 912 673 vulneras,

71 702 169 739 eorum
191 689 337 759 aspectum
359 682 604 758 praesentiamque
622 681 730 738 vitarel
771 681 802 738 Si
818 688 848 739 te
864 701 914 758 pa-

72 770 164 819 rentes
184 763 320 818 timerent
336 769 422 837 atque
443 761 570 818 odissent
591 761 633 817 tui
655 780 707 817 nec
724 780 773 818 eos
793 761 851 818 ulla
871 781 915 818 ra-

71 843 150 898 tione
166 841 277 918 placare
294 860 401 918 posses,
416 848 449 897 ut
466 841 577 916 opinor,
590 840 625 897 ab
640 860 739 897 eorum
757 841 847 898 oculis
863 841 914 898 ali-

72 941 129 996 quo
146 921 331 977 concederes:
354 940 430 977 nunc
446 927 475 977 te
492 920 591 997 patria,
605 940 676 996 quae
690 921 851 977 communis
868 927 914 979 est

71 1018 173 1076 parens
194 1000 324 1056 omnium
341 1006 480 1070 nostrum,
493 1000 555 1056 odit
571 1020 603 1057 ac
621 1000 724 1057 metuit
740 1007 770 1057 et
787 1001 844 1071 iam
862 1001 912 1058 diu

71 1079 143 1136 nihil
154 1086 183 1136 te
197 1079 304 1136 iudicat
318 1079 373 1136 nisi
384 1079 420 1136 de
431 1079 582 1156 parricidio
597 1099 648 1136 suo
663 1080 804 1156 cogitare:
827 1080 913 1138 huius

71 1167 104 1217 tu
119 1179 210 1236 neque
225 1159 424 1216 auctoritatem
435 1158 566 1217 verebere
580 1179 631 1217 nec
643 1159 780 1217 iudicium
795 1180 913 1238 sequere

72 1259 123 1298 nec
139 1240 198 1296 vim
211 1240 412 1317 pertimescesl
456 1245 500 1296 18.
517 1238 596 1307 Quae
610 1247 714 1309 tecum,
727 1240 858 1311 Catilina,
872 1241 914 1298 sie

71 1322 132 1397 agit
146 1327 176 1378 ct
186 1320 311 1399 quodam
326 1319 413 1376 modo
427 1319 515 1377 tacita
528 1319 670 1397 loquitur:
694 1320 840 1377 “Nullum
854 1321 913 1378 iam

72 1401 181 1477 aliquot
198 1401 280 1457 anuis
296 1400 408 1457 facinus
425 1399 535 1456 exstitit
551 1399 607 1456 uisi
623 1419 674 1476 per
688 1406 725 1471 te,
737 1400 847 1457 nullum
865 1400 914 1457 fla-

71 1481 175 1557 gitium
191 1481 311 1538 sinete:
332 1480 387 1537 tibi
399 1481 449 1537 uni
463 1480 619 1537 multorum
634 1480 739 1537 civium
755 1499 846 1551 neces,
858 1480 913 1537 tibi

71 1561 184 1619 vexatio
196 1561 375 1639 direptioque
387 1561 528 1618 sociomm
540 1560 683 1637 impunita
693 1560 751 1616 fuit
764 1580 796 1617 ac
807 1560 912 1618 libera:

71 1649 104 1699 tu
126 1662 185 1700 non
207 1642 299 1699 solum
320 1642 358 1698 ad
373 1641 559 1719 negligendas
576 1640 652 1717 leges
673 1647 702 1697 et
724 1641 912 1716 quaestiones,

73 1742 170 1779 verum
186 1723 271 1781 etiam
283 1722 320 1778 ad
330 1722 495 1779 evertendas
506 1720 779 1797 perfringendasque
790 1720 912 1778 valuisti

73 1801 226 1879 Superiora
245 1802 301 1869 illa,
318 1820 490 1876 quamquam
511 1799 630 1856 ferenda
651 1819 708 1856 non
730 1800 855 1872 fuerunt,
873 1807 914 1858 ta·

72 1900 147 1951 meu,
158 1888 191 1937 ut
201 1881 292 1956 potui,
302 1879 372 1935 tuli:
394 1898 470 1935 nuuc
481 1898 547 1935 vero
559 1898 604 1935 me
616 1886 707 1936 totam
719 1899 779 1938 esse
792 1881 822 1936 in
833 1887 914 1937 metu

73 1968 191 2036 propter
205 1978 294 2015 unum
311 1965 348 2028 te,
362 1958 502 2034 quidquid
518 1959 698 2035 increpuerit,
711 1959 864 2017 Catilinam
879 1960 914 2016 ti·

73 2040 152 2109 meri,
165 2038 280 2095 nullum
292 2037 382 2094 videri
400 2044 500 2094 contra
515 2057 561 2094 me
579 2039 730 2095 consilium
747 2041 813 2096 iniri
830 2059 914 2116 posse

75 2119 153 2195 quod
177 2138 193 2175 a
216 2124 267 2174 tuo
292 2117 395 2174 scelere
419 2117 576 2189 abhorreat,
599 2138 658 2175 non
683 2126 726 2176 est
752 2120 911 2176 ferendum.

74 2198 167 2265 Quam
192 2198 229 2255 ob
253 2216 313 2254 rem
339 2197 452 2254 discede
476 2204 562 2274 atque
586 2197 663 2255 hunc
685 2199 757 2255 mihi
779 2199 913 2256 timorem

74 2279 167 2354 eripe:
190 2278 213 2334 si
234 2285 277 2334 est
294 2296 384 2348 verus,
399 2296 435 2334 ne
456 2277 610 2354 opprimar,
626 2279 669 2335 sin
688 2279 784 2349 falsus,
801 2286 833 2336 ut
853 2286 914 2336 tan·

74 2358 140 2415 dem
162 2357 314 2435 'aliquando
335 2357 436 2414 timere
457 2356 612 2415 desinam.”
655 2358 737 2417 VIII.
772 2358 915 2416 luliaco

73 2439 98 2494 ‘si
118 2446 222 2509 tecum,
238 2445 271 2496 ut
291 2437 359 2508 dixi,
375 2437 467 2513 patria
487 2437 629 2514 loquatur,
646 2457 740 2495 nonne
761 2438 914 2514 impetrare

74 2518 184 2590 debeat,
200 2519 286 2576 etiam
308 2519 332 2575 si
353 2518 412 2574 vim
431 2516 571 2575 adhibere
596 2537 654 2574 nou
675 2518 785 2594 possiti
827 2518 912 2589 Quid,

75 2599 153 2673 quod
167 2607 242 2657 tute
256 2600 317 2675 ipse
331 2599 361 2655 in
376 2597 535 2655 custodiam
550 2597 673 2654 dedistil
690 2597 768 2674 quod
782 2598 914 2655 vitandae

75 2678 241 2752 suspitionis
262 2699 345 2735 eausa
366 2679 403 2735 ad
422 2677 469 2735 Μ’.
483 2677 623 2754 Lepidum
645 2684 674 2734 te
694 2677 821 2734 habitare
843 2678 913 2734 velle

75 2756 191 2814 dixistit
212 2778 300 2834 aquo
317 2778 375 2815 uon
392 2765 523 2834 receptus
540 2758 625 2814 etiam
642 2757 679 2813 ad
695 2777 741 2814 me
756 2758 850 2815 venire
868 2778 914 2815 au-

76 2856 123 2892 sus
142 2856 179 2907 es,
192 2844 277 2914 atque
294 2845 327 2895 ut
343 2838 444 2895 domui
460 2857 539 2894 meae
556 2845 585 2894 tc
604 2837 778 2894 adservarem
796 2837 912 2914 rogasti.

75 2915 150 2972 Cum
169 2936 186 2973 a
204 2937 251 2974 me
268 2938 380 2995 quoquc
399 2918 431 2975 id
449 2936 617 2994 responsum
634 2917 753 2988 tulisses
769 2938 815 2975 me
834 2915 913 2973 nullo

75 2997 163 3053 modo
184 3017 268 3074 posse
288 2998 389 3056 iisdem
410 2997 565 3075 parietibus
586 3003 650 3053 tuto
672 3017 730 3054 esse
747 3005 851 3064 tecum,
864 2993 911 3070 qui

76 3095 181 3151 magno
193 3078 222 3134 in
234 3078 358 3154 periculo
371 3098 468 3148 essem,
480 3077 558 3154 quod
569 3077 670 3134 iisdem
684 3077 834 3134 moenibus
849 3094 911 3131 con·

72 3155 234 3229 timeremur,
247 3157 285 3215 ad
302 3157 491 3228 &Metellum
505 3165 669 3237 praetorem
684 3156 806 3215 venisti:
827 3175 846 3211 a
862 3174 897 3230 qu
