1988 3480
117 387 120 394 .
168 259 170 263 ’
240 302 286 369 u.
306 302 483 367 nuntii
514 301 796 364 cionaonrs

317 443 718 570 rmfflmm

493 600 547 635 SIVE

63 659 924 784 'mmmmmmmffim

438 818 594 895 mm

354 1074 676 1126 ARGUMENTUM.

130 1181 194 1231 Cam
210 1181 240 1229 L.
252 1179 378 1240 Lucullus,
389 1179 431 1242 qni
447 1179 539 1228 bellum
557 1179 674 1226 adversus
690 1177 864 1226 Mithridatem
880 1178 937 1227 Ma-

96 1261 173 1307 gnum
190 1247 265 1295 Ponti
285 1261 369 1306 regem
390 1252 485 1307 septem
505 1259 583 1291 annos
603 1243 711 1305 primum
733 1243 863 1302 consulari,
878 1243 937 1293 dein

95 1312 265 1374 proconsulari
283 1311 386 1372 imperio
405 1310 629 1368 administraverat,
645 1325 666 1356 a.
679 1324 703 1356 u.
714 1324 735 1357 c.
749 1311 797 1357 687
814 1324 830 1356 a
849 1320 937 1357 senatu

96 1385 225 1425 revocatus
239 1385 303 1424 esset
316 1376 388 1438 eique
402 1375 446 1422 M’.
457 1375 554 1422 Acilius
566 1374 669 1423 Glabrio
683 1374 758 1421 homo
773 1374 849 1421 tantis
863 1375 936 1423 rebus

96 1442 178 1503 impar
196 1441 360 1499 successisset,
374 1441 512 1502 insequenti
532 1454 598 1486 anno
616 1440 651 1487 M.
665 1439 773 1486 Aemilio
790 1439 885 1501 Lepido
902 1440 932 1489 L.

97 1506 213 1554 Volcatio
226 1505 301 1552 Tullo
315 1519 376 1552 coss.
389 1520 411 1551 a.
424 1520 448 1552 u.
461 1520 482 1551 c.
494 1506 542 1551 688
558 1505 585 1550 C.
598 1504 717 1551 Manilius
731 1505 844 1551 tribunus
858 1503 936 1565 plebis

96 1571 178 1630 legem
189 1569 221 1616 ad
232 1569 349 1631 populum
361 1569 425 1628 tulit,
435 1569 471 1614 uti
483 1568 535 1615 eius
544 1568 600 1614 belli
610 1568 791 1615 administratio
804 1569 849 1616 Cn.
860 1569 936 1616 Pom-

97 1635 281 1698 peloquinum
293 1633 384 1681 bellum
398 1632 552 1680 maritimum
567 1641 652 1680 contra
665 1632 766 1680 Ciliciae
777 1633 870 1694 piratas
881 1632 936 1694 lego
970 1648 973 1654 ·

97 1700 206 1750 Gabinia
215 1713 281 1747 anno
293 1698 417 1761 superiore
425 1697 603 1747 demandatum
612 1697 759 1756 confecerat,
769 1697 936 1746 committere-

96 1777 146 1814 tur.
183 1764 239 1825 Qua
252 1764 307 1824 lege
319 1778 377 1812 cum
391 1778 440 1811 non
454 1763 534 1811 solum
548 1763 610 1810 Asia
621 1762 755 1825 provincia,
767 1763 807 1811 cui
819 1762 935 1812 Lucullus

96 1831 282 1894 praesumatur
295 1844 369 1877 omne
385 1829 439 1878 eius
455 1828 588 1891 imperium
601 1828 647 1876 Cn.
658 1828 778 1890 Pompeio
795 1828 936 1877 committe-

96 1906 272 1955 retonsarum
292 1895 369 1944 etiam
386 1894 514 1957 Bithynia,
529 1894 569 1941 cui
590 1894 693 1942 Glabrio
713 1902 834 1956 praeerat,
849 1894 935 1942 classis

96 1962 158 2010 item
170 1969 196 2009 et
207 1975 292 2008 omnes
304 1959 550 2022 copiaeman‘timae,
561 1975 623 2022 quas
635 1959 740 2021 piratico
751 1960 816 2009 bello
829 1961 879 2008 iam
892 1961 936 2008 ob-

96 2027 211 2086 tinuerat,
226 2025 368 2086 multaeque
381 2034 509 2087 praeterea
522 2025 670 2087 provinciae,
685 2039 748 2087 quae
762 2025 816 2086 lege
828 2025 936 2074 Gabinia

96 2092 219 2154 Pompeio
233 2091 307 2139 datae
323 2106 372 2138 non
386 2091 537 2149 viderentur,
549 2090 667 2152 Phrygia,
677 2091 811 2153 Lycaonia,
823 2091 932 2152 Galatia,

97 2156 261 2220 Cappadocia,
272 2155 367 2216 Cilicia,
378 2155 485 2214 Colchis,
493 2156 623 2216 Armenia,
635 2155 687 2204 eius
701 2157 817 2218 potestati
834 2158 935 2218 permit-

97 2231 216 2282 terentur,
225 2221 364 2284 optimates,
374 2221 447 2268 nimis
459 2221 543 2281 augeri
555 2236 614 2282 opes
625 2229 650 2268 et
658 2222 794 2283 potentiam
804 2222 875 2270 unius
885 2223 931 2272 Cn.

96 2287 211 2349 Pompeii
224 2288 281 2348 rati,
290 2302 345 2334 eam
359 2287 439 2346 legem
453 2286 629 2348 oppugnabant
642 2301 776 2349 eorumque
789 2287 889 2336 nomine
900 2287 932 2348 Q.

96 2353 201 2405 Catulus
213 2361 238 2400 et
247 2351 278 2412 Q.
287 2352 434 2400 Hortensius
446 2351 599 2413 rogationem
611 2352 639 2400 C.
649 2351 747 2399 Manilii
756 2351 931 2402 dissuaserunt.

96 2418 258 2466 Adiuvabant
270 2425 355 2464 tamen
372 2416 444 2464 multi
460 2417 489 2464 C.
500 2416 632 2464 Manilium
649 2418 799 2465 auctoritate
812 2417 888 2465 etiam
902 2418 931 2467 C.

96 2483 210 2532 Caesaris
227 2481 353 2544 suasitque
366 2481 403 2529 M.
413 2481 510 2542 Cicero,
520 2481 562 2543 qui
576 2497 606 2530 eo
619 2497 685 2530 anno
700 2492 800 2544 praetor
816 2490 876 2541 erat,
888 2483 935 2530 hac

96 2549 150 2609 ipsa
167 2547 287 2606 oratione,
298 2561 348 2610 qua
365 2546 473 2608 primum
489 2546 556 2609 apud
572 2546 690 2609 populum
708 2547 794 2606 orarit,
806 2547 887 2607 legem
904 2548 935 2596 de

97 2613 200 2674 imperio
208 2611 375 2674 CnPompeii
383 2611 539 2673 prorogando
546 2619 621 2674 atquc
628 2611 783 2673 adaugendo,
790 2627 853 2675 quae
862 2627 936 2661 canc-

97 2677 129 2724 tis
140 2677 264 2738 suffragiis
276 2677 371 2740 perlata
381 2684 427 2726 est.
765 2679 767 2684 “

138 2809 160 2866 Ι.
204 2816 230 2868 1.
248 2810 428 2888 Quamquam
442 2809 514 2867 mihi
529 2829 640 2887 semper
653 2811 787 2888 frequens
803 2831 936 2889 conspec-

97 2896 144 2946 tus
162 2896 252 2946 voster
267 2891 360 2948 multo
376 2891 605 2960 iucundissimus,
620 2890 667 2947 hic
686 2898 782 2948 autem
799 2892 877 2948 locus
898 2892 935 2949 ad

97 2969 241 3046 agendum
254 2971 453 3046 amplissimus,
464 2971 500 3027 ad
515 2970 667 3026 dicendum
682 2971 877 3028 ornatissimus
891 2978 935 3029 est

97 3050 182 3119 visus,
195 3047 328 3120 Quirites,
343 3057 440 3107 tamen
460 3050 515 3106 hoc
536 3049 616 3106 aditu
637 3049 737 3121 laudis,
753 3051 802 3126 qui
823 3070 934 3124 semper

97 3130 209 3203 optimo
224 3128 327 3208 cuique
339 3129 469 3188 manime
479 3130 666 3208 paumannos
671 3135 808 3182 nasama
816 3127 964 3176 sensatas

235 3233 248 3286 1
