1988 3480
75 108 122 156 144
213 106 460 156 1101111110
478 105 777 156 11110110111110.

22 217 25 220 ’
73 212 161 269 modo
178 220 257 270 extra
273 211 403 269 ordinem
425 217 612 288 quaereretur.
654 208 755 266 Divisa
771 210 912 269 sententia

73 300 116 349 est
137 292 299 368 postulante
320 292 417 348 nescio
440 309 515 368 quo:
544 290 615 346 nihil
637 291 713 348 enim
734 309 847 347 neccsse
868 299 914 348 cst

73 372 202 428 omnium
216 392 263 428 me
277 371 386 448 flagitia
399 371 533 448 proferre.
577 370 623 426 Sic
638 371 745 447 reliqua
758 370 913 428 auctoritas

73 459 186 508 senatus
200 458 297 528 empta
310 452 511 508 intercessione
526 450 636 507 sublata
649 458 699 507 est.

115 537 159 587 15,
175 530 217 588 Α1
231 532 307 588 enim
323 531 375 588 On.
385 531 542 607 Pompeius
559 531 707 607 rogatione
725 551 774 587 sua
789 537 817 587 11
831 530 867 587 de
880 550 912 588 re

72 611 156 668 etde
175 631 258 668 causa
274 611 427 668 iudicavit:
449 611 516 667 tulit
533 612 609 667 enim
631 611 666 667 de
683 611 776 681 caedo,
790 630 861 687 quae
880 611 911 667 in

72 690 170 767 Appia
180 692 225 747 via
235 692 313 748 facta
326 698 408 761 essct,
420 691 449 747 in
463 711 518 767 qua
529 690 561 747 P.
571 691 689 747 Clodius
705 691 813 747 occisus
828 698 908 749 esset.

72 769 149 838 Quid
163 791 230 847 crgo
244 771 329 828 tulit?
350 790 453 848 nempe
468 780 500 827 111
515 778 700 847 quaereretur.
737 770 813 838 Quid
824 790 910 846 porro

72 851 264 926 quaerendum
280 852 341 908 1111
361 851 509 908 factumne
520 851 574 906 1111
595 857 624 906 at
636 856 755 906 constat.
791 850 819 906 A
834 853 910 926 quot

71 937 101 986 et
114 936 202 1006 paret.
245 930 330 988 Vidit
354 931 443 1006 igitur
466 931 553 988 ctiam
577 930 607 986 in
636 929 814 986 confessione
839 931 912 987 facti

71 1009 140 1065 iuris
157 1017 253 1066 tamen
271 1010 467 1067 defensionem
489 1010 594 1086 suscipi
615 1029 706 1087 posse.
749 1008 834 1077 Quod
854 1010 910 1067 nisi

71 1089 188 1145 vidisset
202 1109 285 1165 posse
300 1089 408 1146 absolvi
420 1109 493 1160 eum,
506 1090 556 1166 qui
569 1092 715 1160 fateretur,
725 1110 790 1147 cum
801 1090 913 1148 videret

71 1187 124 1225 nos
138 1170 231 1241 fateri,
242 1188 334 1246 neque
352 1170 448 1246 quaeri
465 1189 601 1246 umquam
620 1170 746 1226 iussisset
760 1189 811 1226 nec
828 1169 912 1227 vobis

71 1255 131 1306 tam
142 1249 214 1306 hanc
226 1249 376 1307 salutarem
387 1250 416 1305 in
428 1250 583 1307 iudicando
592 1249 716 1307 litteram
731 1269 821 1325 quam¹
831 1249 922 1321 illam

67 1329 182 1386 tristem
196 1329 330 1388 dedisset.
362 1329 435 1386 Mihi
445 1349 511 1387 vero
523 1329 575 1386 Cn.
584 1329 741 1407 Pompeius
752 1349 809 1386 non
821 1330 911 1387 modo

70 1408 142 1466 nihil
153 1410 266 1486 gravius
280 1417 379 1467 contra
390 1409 527 1467 Milonem
539 1410 685 1480 iudicasse,
698 1410 844 1466 sedetiam
856 1418 912 1467 sta-

70 1490 158 1546 tuisse
172 1490 285 1546 videtur
299 1491 369 1567 quid
380 1510 431 1547 vos
445 1490 475 1546 iu
488 1490 642 1546 iudicando
657 1497 783 1566 spectare
798 1497 912 1566 oporte-

70 1576 123 1626 ret.
164 1569 238 1626 Nam
261 1571 309 1647 qui
330 1589 388 1627 non
409 1590 532 1647 poenam
549 1570 730 1641 confessioni,
747 1569 796 1627 sed
813 1570 912 1627 defen-

71 1649 180 1706 sionem
200 1649 287 1722 dedit,
304 1651 329 1707 is
349 1670 462 1707 causam
483 1650 615 1707 interit-us
637 1649 834 1727 quaerendam,
850 1670 911 1707 nou

70 1728 218 1788 interitum
232 1731 352 1806 putavit.
391 1736 435 1787 16.
449 1730 509 1787 Iam
524 1730 595 1787 illud
606 1731 666 1806 ipse
682 1730 757 1786 dicet
768 1731 911 1805 profecto,

71 1809 148 1885 quod
166 1829 218 1866 sua
233 1817 337 1886 sponte
352 1810 429 1876 11111,
442 1809 584 1867 Publione
602 1809 705 1866 Clodio
724 1809 910 1867 tribuendum

70 1889 178 1964 putarit
198 1908 234 1944 an
255 1890 387 1966 tempori
423 1888 491 1947 VII.
506 1889 615 1947 Domui
632 1909 698 1946 suae
715 1889 913 1947 nobilissimus

70 1968 120 2038 vir,
134 1975 247 2025 senatus
268 1977 465 2046 propugnator
485 1976 570 2046 atque
589 1969 644 2025 illis
662 1969 778 2046 quidem
799 1976 913 2106 tempo·
982 2024 985 2031 ,

70 2048 148 2103 ribus
162 2067 252 2124 paene
266 2056 411 2125 patronus,
424 2049 579 2105 avunculus
593 2048 678 2105 huius
692 2049 794 2105 iudicis
808 2050 910 2120 nostri,

70 2127 260 2183 for‘tissimi
234 2129 295 2199 vui,
309 2129 347 2186 M.
358 2129 412 2186 Cat
400 2129 484 2200 111111,
496 2129 628 2185 tribunus
642 2128 735 2205 plebis
749 2129 786 2185 M.
797 2129 913 2186 Dmsus

70 2207 180 2263 occisus
194 2214 236 2264 cst
238 2252 244 2265 .
224 2207 367 2266 tNihil
382 2209 455 2266 de
432 2229 492 2266 erus
505 2216 598 2266 morte
612 2209 736 2285 populus
753 2208 908 2280 consultus,

70 2287 147 2343 nulla
165 2289 293 2364 quaestio
310 2289 423 2347 decreta
442 2309 459 2346 a
479 2296 579 2346 senatu
596 2296 646 2346 est.
690 2288 835 2356 Quantum
853 2288 910 2346 luc-

70 2373 132 2423 tum
146 2367 176 2424 in
191 2368 244 2425 hac
258 2369 327 2426 urbe
341 2369 429 2426 fuisse
443 2389 459 2426 a
473 2369 580 2426 nostris
592 2368 720 2445 patribus
737 2368 908 2445 accepimus

69 2466 135 2503 cum
150 2447 182 2505 P.
193 2447 331 2506 Africano
346 2449 445 2507 domui
460 2468 525 2506 suae
541 2449 696 2526 quiescenti
708 2449 756 2505 illa
770 2455 910 2506 nocturna

69 2528 112 2584 vis
133 2535 206 2585 esset
227 2528 341 2586 adlata?
364 2530 427 2606 quis
447 2537 508 2586 tum
531 2548 589 2585 non
611 2530 739 2605 gemuitl
764 2529 828 2604 quis
850 2548 908 2586 nou

69 2608 138 2664 arsit
155 2608 272 2665 doloret
292 2628 377 2685 quem
394 2608 594 2679 immortalem,
610 2610 634 2665 si
651 2609 711 2665 lieri
732 2616 837 2684 posset,
850 2628 910 2666 om·

69 2704 119 2743 nes
141 2706 200 2744 esse
221 2695 365 2764 cuperent,
381 2689 440 2745 eius
460 2708 496 2746 nc
518 2688 703 2746 necessariam
726 2688 842 2764 quidem
864 2708 910 2745 ox-

70 2774 225 2842 spectatam
247 2789 308 2825 csse
323 2768 463 2825 mortem!
504 2768 583 2825 Num
600 2769 689 2844 igitur
705 2768 762 2825 ulla
780 2769 909 2844 quaestio

70 2845 105 2902 de
123 2847 252 2904 Africani
273 2855 365 2904 morte
386 2847 443 2904 lata
459 2849 520 2904 1111
541 2854 616 2904 certe
637 2848 721 2905 nulla.
767 2850 812 2904 17.
831 2847 910 2916 Quid

69 2925 128 2983 ital
148 2917 282 3003 quianon
293 2927 349 2983 alio
364 2927 489 2983 facinore
501 2926 567 2983 clari
578 2927 717 2998 homines,
728 2928 784 2984 alio
796 2927 909 2984 obscuri

69 3014 212 3062 necantur.
249 3006 365 3062 Intersit
375 3006 419 3062 int
420 3026 450 3062 er
461 3007 534 3062 vitae
545 3006 639 3083 dignit
640 3016 716 3064 atem
730 3026 909 3064 summorum

70 3091 155 3160 atque
170 3084 351 3141 infimorum:
374 3104 450 3141 mors
467 3087 583 3161 quidem
599 3087 658 3144 illat
647 3095 677 3144 ta
691 3106 744 3162 per
758 3085 881 3144 scelus
863 3104 907 3167 us

64 3163 131 3216 dom
146 3171 176 3219 et
185 3165 292 3239 poenis
307 3171 401 3222 toneat
404 3172 479 3222 11111
467 3165 611 3239 tlegibus.
648 3167 711 3223 Nisi
725 3167 801 3223 forte
814 3155 899 3234 magi?
