1988 3480
296 349 339 415 M.
363 349 509 416 TULLII
539 351 772 417 CICERONIS

162 508 310 586 ORATIO
342 510 423 598 QUA
455 511 485 584 L.
516 511 740 586 CATILINAM
772 511 908 588 EMISIT
964 528 969 537 '

318 633 361 709 IN
394 633 553 710 SENATU
584 633 745 708 HABITA.

363 911 704 964 ARGUMENTUM.

145 1012 175 1060 L.
190 1013 288 1073 Sergius
309 1012 426 1072 Catilina,
443 1013 518 1061 homo
536 1013 635 1076 patricii
654 1013 760 1073 generis,
778 1028 869 1074 magna
888 1015 956 1078 vict

112 1077 190 1126 animi
203 1086 226 1126 et
238 1078 355 1140 corporis,
366 1077 409 1126 sed
421 1078 521 1138 ingenio
535 1078 601 1126 malo
613 1093 745 1141 pravoque,
754 1079 902 1141 praetorius,
913 1081 956 1143 qui

112 1143 163 1191 iam
181 1159 202 1191 a.
211 1159 235 1191 u.
244 1158 265 1191 c.
274 1145 330 1202 689,
342 1143 445 1191 caedem
459 1143 588 1191 consulum
602 1144 684 1191 facere
698 1158 776 1205 eaque
793 1144 861 1191 facta
874 1159 956 1194 rerum

112 1208 188 1271 potiri
200 1208 369 1268 constituerat,
379 1223 439 1256 casu
451 1217 535 1256 autern
544 1224 559 1263 a
568 1208 671 1256 consilio
680 1209 839 1270 exsequendo
847 1209 956 1272 prohibi-

113 1283 154 1322 tus
169 1282 231 1333 erat,
246 1273 329 1321 ascitis
347 1273 379 1321 ad
396 1273 528 1321 consilium
541 1274 577 1321 rei
590 1273 704 1336 publicae
721 1274 898 1336 opprimendae
912 1276 956 1324 ho·

114 1338 222 1386 minibus
234 1338 314 1386 omnis
326 1339 423 1398 generis
434 1338 606 1400 perditissimis
617 1346 692 1402 atque
704 1339 883 1400 audacissimis,
894 1356 956 1404 quos

114 1403 205 1464 inopia,
219 1403 348 1464 cupiditas,
361 1403 453 1450 scelera
468 1403 638 1464 stlmulabant,
651 1404 809 1452 consulatum
822 1405 848 1452 in
862 1421 955 1454 annum

113 1470 172 1527 691,
187 1482 210 1529 ρ,
223 1483 248 1516 u.
260 1482 282 1516 c.
293 1467 388 1528 petivit,
400 1468 443 1514 sed
460 1482 516 1514 cum
529 1483 594 1529 quae
610 1469 635 1515 in
653 1469 737 1516 animo
752 1469 859 1517 habebat
875 1472 955 1531 perni-

113 1533 183 1581 ciosa
194 1533 229 1580 rei
241 1530 352 1594 publicae
363 1532 467 1580 consilia
478 1547 567 1594 parum
578 1533 700 1580 occultata
711 1543 801 1593 essent,
814 1536 901 1582 studiis
913 1536 956 1583 bo-

115 1613 204 1646 norum
219 1598 331 1646 omnIum
343 1598 380 1646 M.
388 1597 485 1644 Tullius
499 1597 587 1646 CIcero
601 1613 651 1645 una
664 1604 728 1645 cum
737 1599 765 1647 C.
774 1599 886 1647 Antonio
898 1615 955 1648 con-

114 1663 154 1711 sul
168 1663 250 1710 factus
265 1670 312 1712 est.
349 1662 407 1722 Qua
424 1677 450 1710 re
467 1669 606 1711 commotus
622 1662 653 1711 L.
665 1663 773 1712 Catilina
789 1664 826 1712 M.
835 1664 955 1713 Cicerone

58 1744 62 1753 ·
116 1728 145 1777 C.
158 1729 269 1776 Antonio
284 1728 426 1776 consulibus
443 1727 556 1790 cupidius
573 1728 650 1776 etlam
665 1743 710 1776 sua
728 1728 831 1777 consilia
850 1731 951 1792 recepit,

115 1795 204 1857 quibus
214 1794 324 1842 maxime
334 1793 461 1842 ciceronis
473 1794 579 1842 consulis
588 1793 716 1854 diligentia
727 1794 824 1855 restitit,
836 1795 869 1842 ad
880 1811 955 1858 quem

115 1860 239 1909 Catilinae
252 1860 354 1923 eiusque
371 1860 495 1907 seclorum
509 1859 612 1908 consilia
624 1875 639 1906 a
652 1857 740 1907 Fulvia
753 1859 855 1908 mullera
868 1861 952 1921 nobili,

114 1941 180 1988 quae
194 1940 247 1973 rem
260 1925 367 1973 habebat
380 1939 437 1972 curn
450 1925 479 1984 Q.
490 1924 572 1984 Curio,
580 1925 622 1987 qui
635 1926 757 1987 particeps
770 1925 818 1973 fuit
830 1926 955 1988 conspira-

116 1991 190 2040 tIonis
207 1990 280 2051 illlus,
296 1990 477 2038 deferebantur.
522 1990 585 2038 Cum
603 1999 688 2038 antem
704 1991 752 2038 ista
768 1991 835 2039 mala
853 1991 955 2039 consilia

116 2064 205 2105 contra
218 2057 324 2104 salutem
341 2055 504 2118 reipublicae
521 2071 537 2103 a
547 2055 687 2121 'coniuratis
704 2056 766 2103 inita
782 2057 890 2119 apertius
904 2059 954 2105 inm

116 2121 277 2182 agitarentur,
294 2130 395 2169 senatus
417 2121 558 2168 consultum
579 2120 674 2168 factum
692 2129 738 2181 est,
753 2121 839 2169 altercat
857 2139 954 2183 operam

116 2185 230 2246 consules,
245 2203 274 2234 ne
288 2187 347 2248 qaid
359 2185 500 2234 detrimenti
513 2195 609 2246 cuperet
622 2185 778 2245 respublica,
790 2187 954 2249 effectumque

116 2259 161 2311 est,
176 2261 204 2300 ut
221 2252 329 2301 Catilina
346 2266 389 2313 spe
407 2251 556 2310 consulatus,
571 2265 645 2312 quem
662 2252 687 2297 in
701 2251 844 2312 proximum
861 2267 953 2298 nnnurn

116 2319 222 2379 petebat,
237 2316 370 2376 excideret,
387 2316 626 2378 designarenturque
648 2317 681 2364 D.
697 2316 796 2363 Silanus
814 2327 839 2364 et
858 2318 887 2364 L.
897 2317 954 2363 Mu·
975 2354 977 2357 ,

116 2397 183 2431 rena.
221 2382 291 2442 Quae
308 2397 365 2430 cum
381 2383 417 2430 ita
434 2390 524 2442 essent,
536 2382 566 2430 L.
575 2381 690 2440 Catilina,
702 2381 744 2444 qui
764 2382 815 2428 iam
834 2391 892 2428 aute
911 2397 955 2442 per

116 2447 218 2496 Italiam
236 2448 269 2495 ad
288 2447 401 2495 homiues
424 2446 561 2506 seditiosos,
578 2447 689 2493 maxime
708 2455 802 2493 veteres
825 2446 856 2494 L.
871 2446 954 2494 Sullae

115 2512 214 2571 milites,
234 2512 393 2561 concitandos
416 2512 516 2560 nuntios
537 2512 645 2570 miserat,
667 2510 699 2557 ad
718 2511 745 2558 C.
761 2511 894 2571 Manlium,
911 2513 953 2573 qni

116 2577 234 2640 Faesulas
241 2578 268 2626 in
275 2579 361 2626 urbem
369 2578 484 2626 Etruriae
495 2578 618 2625 munitam
627 2591 730 2623 manum
739 2584 890 2624 armatorum
899 2577 954 2624 coii-

116 2649 195 2703 gerat,
205 2643 330 2704 proficisci
342 2643 469 2691 constituit
481 2651 505 2689 et
517 2642 609 2689 bellum
620 2641 715 2702 patriae
726 2641 822 2696 inferre,
834 2656 954 2689 convoca-

116 2707 199 2769 tisque
213 2716 291 2768 nocte,
302 2724 368 2770 quae
384 2708 449 2756 inter
462 2709 538 2756 VIlI.
553 2717 578 2755 et
589 2707 652 2755 Vll.
667 2707 706 2754 ld.
720 2707 872 2754 Novembres
888 2715 950 2764 erat,

117 2772 196 2819 socios
210 2772 236 2820 in
252 2773 353 2821 domum
370 2773 408 2822 M.
420 2773 504 2821 Porcii
517 2774 614 2820 Laecae
631 2772 761 2819 consilium
776 2772 841 2834 quod
856 2781 954 2834 ceperat

84 2871 86 2877 .
116 2837 219 2898 aperuit.
257 2837 313 2898 Qua
329 2839 519 2898 congregatione
534 2848 655 2885 nocturna
672 2837 721 2884 duo
738 2838 832 2898 equites
846 2835 953 2884 Romani

117 2902 262 2950 CIceronem
280 2903 404 2951 consulem
422 2902 464 2951 illa
481 2904 535 2966 ipsa
552 2912 624 2950 nocte
641 2909 698 2949 ante
714 2902 803 2961 lucem,
816 2914 874 2949 cum
890 2901 954 2948 sicut

116 2967 246 3016 salutaturi
258 2968 310 3016 eius
323 2968 424 3016 domurn
436 2970 578 3028 intrassent,
588 2967 788 3015 interficiendum
800 2975 952 3025 receperunt.

116 3033 154 3080 M.
164 3033 251 3082 Cicero
265 3033 348 3081 vitatis
363 3034 469 3095 insidIIs,
479 3034 596 3096 proximo
609 3033 663 3092 die,
670 3032 718 3092 uda
729 3031 785 3075 idas
794 3044 823 3072 a.
831 3025 992 3093 LXXX&

113 3098 278 3162 Novembres,
293 3098 424 3164 dispositis
439 3099 588 3166 praesidiis,
600 3105 726 3146 senatum
732 3093 770 3137 'an
777 3080 976 3141 wamma*
