1988 3480
321 127 399 177 CAP.
416 127 532 188 11.-1v.,
548 126 563 187 §
577 129 633 176 4-8.
867 131 894 179 81

60 238 117 284 non
136 245 221 303 quam
235 226 374 298 volebam,
386 247 470 299 nunc,
483 247 548 285 cum
566 247 665 284 omnes
682 247 728 285 me
745 247 845 286 causae
862 230 898 287 ad

58 306 282 363 misericordiam
297 314 383 384 atque
396 307 433 363 ad
446 307 655 364 humanitatem
666 316 776 379 vocent,
790 318 897 385 quanto

57 386 176 443 tandem
193 387 289 443 studio
306 386 396 444 debeo
413 394 530 444 naturae
547 406 626 444 meae
641 389 898 467 consuetudinique

57 466 180 523 serviret
216 466 265 522 'Ac
286 466 322 523 de
339 466 432 523 officio
450 467 625 523 defensionis
645 486 725 524 meae
747 488 779 525 ac
800 468 836 526 de
857 489 898 526 ra-

56 546 138 602 tione
154 545 343 603 accusationis
359 552 424 603 tuae
445 547 566 603 fortasse
588 547 674 604 etiam
695 548 750 604 alia
770 549 800 605 in
816 557 897 626 parte

58 625 195 682 orationis
210 625 363 682 dicendum
377 625 461 682 nobis
475 626 535 683 erit.

100 705 125 762 7.
144 704 202 762 Sed
219 725 274 776 me,
287 705 402 776 iudices,
418 724 476 761 non
495 706 591 762 minus
607 706 733 764 hominis
751 709 898 785 sapientis-

58 785 124 840 simi
138 791 223 862 atque
238 785 412 842 ornatissimi
425 784 484 842 Ser.
494 785 614 862 Sulpicii
628 789 795 864 conquestio
812 807 896 865 quam

58 863 176 921 Catonis
187 865 328 922 accusatio
340 865 547 936 commovebat,
554 867 603 943 qui
613 868 778 943 gravissime
787 875 816 925 et
825 887 898 925 acer-

57 943 174 1001 bissime
194 945 269 1002 ferre
289 964 318 1002 se
339 945 413 1002 dixit
429 964 475 1002 me
496 946 699 1004 familiaritatis
716 947 898 1004 necessitudi-

57 1025 158 1100 nisque
176 1024 297 1082 oblitum
315 1044 428 1082 causam
446 1025 476 1083 L.
486 1025 620 1083 Murenae
637 1033 736 1083 contra
754 1045 783 1083 se
800 1027 898 1083 defen-

58 1103 131 1161 dere.
174 1103 251 1161 Huic
272 1123 335 1181 ego,
349 1105 466 1177 iudices,
482 1107 550 1163 satis
570 1107 663 1163 facere
684 1106 769 1182 cupio
790 1125 896 1182 vosque

58 1183 191 1241 adhibere
205 1185 334 1242 arbitros.
369 1185 445 1242 Nam
460 1205 524 1243 oum
539 1205 624 1263 grave
638 1193 681 1243 est
695 1206 759 1243 vere
773 1187 896 1243 accusari

58 1263 87 1319 in
104 1264 231 1322 amicitia
246 1270 318 1336 tum,
331 1265 418 1322 etiam
435 1266 459 1322 si
476 1266 549 1323 falso
564 1267 708 1336 accuseris,
721 1285 779 1322 non
795 1273 837 1322 est
851 1284 898 1322 ne-

58 1342 233 1418 gligendum.
276 1344 348 1420 Ego,
364 1344 422 1402 Ser.
436 1345 552 1421 Sulpici,
568 1365 614 1402 me
635 1346 665 1401 in
686 1346 826 1421 petitione
847 1352 897 1402 tua

57 1421 112 1478 tibi
130 1423 226 1479 omnia
243 1423 338 1480 studia
353 1431 439 1500 atque
456 1424 548 1481 officia
564 1444 616 1501 pro
633 1431 731 1481 nostra
747 1425 898 1482 necessitu-

58 1500 126 1557 dine
150 1509 180 1558 et
203 1502 334 1560 debuisse
359 1503 497 1560 confiteor
521 1511 549 1561 et
570 1503 744 1580 praestitisse
767 1504 894 1561 arbitror.

59 1580 140 1637 Nihil
151 1581 205 1638 tibi
219 1581 398 1639 consulatum
409 1581 519 1659 petenti
534 1603 550 1639 a
562 1603 609 1639 me
624 1584 718 1640 defuit
732 1583 811 1660 quod
825 1591 898 1641 esset

58 1668 108 1717 aut
121 1660 158 1717 ab
175 1662 267 1718 amico
284 1668 334 1718 aut
349 1681 367 1717 a
382 1662 508 1738 gratioso
525 1669 574 1718 aut
590 1682 607 1718 a
623 1663 737 1719 consule
754 1662 897 1739 postulan-

59 1740 136 1797 dum.
179 1739 263 1797 Abiit
283 1741 354 1798 illud
374 1748 506 1817 tempus:
531 1748 642 1798 mutata
662 1742 735 1798 ratio
757 1749 807 1800 est.
850 1742 896 1799 Sic

57 1820 200 1891 existimo,
212 1821 253 1877 sic
266 1821 339 1877 mihi
349 1820 513 1897 persuadeo,
523 1840 570 1879 me
584 1821 638 1878 tibi
649 1829 748 1878 contra
758 1821 896 1879 honorem

58 1898 89 1956 L.
102 1899 244 1970 Murenae,
263 1907 402 1977 quantum
423 1906 456 1957 tu
476 1920 493 1957 a
512 1920 559 1958 me
580 1901 723 1978 postulare
744 1920 829 1958 ausus
849 1903 895 1973 sis,

57 1986 171 2036 tantum
196 1979 335 2050 debuisse,
353 1986 453 2038 contra
476 1980 596 2038 salutern
619 1981 690 2038 nihil
715 1980 825 2039 debere.
869 1989 894 2040 8.

59 2059 159 2136 Neque
176 2060 262 2131 enim,
274 2060 298 2116 si
312 2059 366 2117 tibi
380 2067 452 2131 tum,
467 2079 533 2116 oum
549 2067 660 2138 peteres
677 2105 683 2119 .
702 2106 708 2118 .
728 2106 734 2119 .
754 2081 819 2118 cum
836 2062 897 2119 Mu-

57 2158 155 2196 renam
176 2139 271 2216 ipsum
294 2145 383 2216 petas,
402 2139 516 2197 adiutor
540 2141 641 2200 eodem
662 2149 747 2217 pacto
769 2161 829 2198 esse
851 2142 898 2199 de-

57 2218 120 2276 beo.
156 2219 254 2296 Atque
267 2219 322 2275 hoo
336 2239 394 2276 non
409 2220 497 2277 modo
511 2240 570 2277 uon
586 2221 703 2292 laudari,
716 2221 766 2278 sed
779 2241 816 2278 ne
832 2240 898 2277 oon-

57 2298 121 2356 cedi
142 2298 259 2375 quidem
279 2305 383 2376 potest,
398 2306 431 2356 ut
452 2300 550 2357 amicis
570 2301 677 2358 nostris
700 2301 897 2358 accusantibus

57 2397 118 2434 non
138 2379 225 2435 etiam
246 2378 433 2436 alienissimos
454 2380 649 2437 defendamus
693 2380 744 2438 IV.
761 2379 834 2436 Mihi
851 2399 898 2436 au-

57 2464 118 2515 tem
129 2477 195 2515 oum
206 2458 332 2528 Murena,
345 2459 460 2530 iudices,
473 2466 502 2517 et
515 2479 620 2535 magna
634 2467 662 2516 et
676 2466 757 2515 vetus
772 2459 898 2516 amicitia

58 2545 110 2607 est,
123 2557 194 2615 quae
215 2538 245 2594 in
266 2538 368 2615 eapitis
384 2539 568 2596 dimicatione
585 2558 602 2594 a
620 2538 678 2595 Ser.
690 2537 817 2613 Sulpicio
839 2557 896 2593 non

58 2616 164 2674 idcirco
182 2618 324 2689 obruetur,
338 2618 417 2694 quod
431 2618 466 2675 ab
484 2618 584 2675 eodem
602 2618 631 2673 in
648 2617 766 2673 honoris
782 2623 898 2673 eonten-

58 2698 138 2754 tione
155 2704 286 2774 superata
303 2705 353 2755 est.
396 2697 475 2766 Quae
493 2699 516 2753 si
533 2717 617 2754 causa
630 2716 689 2753 non
707 2702 788 2766 esset,
800 2703 896 2752 tamen
963 2759 966 2765 ⁴

58 2775 102 2833 vel
120 2776 245 2853 dignitas
261 2777 387 2834 hominis
403 2777 446 2834 vel
464 2777 582 2834 honoris
596 2778 664 2846 eius,
678 2795 762 2853 quem
777 2775 897 2851 adeptus
913 2779 916 2784 ’

58 2863 109 2926 est,
122 2856 282 2932 amplitudo
301 2876 441 2913 summam
458 2856 530 2912 mihi
548 2856 695 2933 superbiae
712 2855 897 2912 crudelitatis·
927 2873 929 2879 ·

58 2955 114 3011 que
133 2935 240 2992 famam
261 2937 414 3005 inussisset,
431 2936 454 2991 si
475 2936 601 2992 hominis
622 2942 651 2992 et
672 2936 729 2991 suis
750 2941 779 2991 et
797 2934 897 3010 populi

58 3013 188 3071 Romani,
197 3016 371 3071 ornamentis
385 3015 553 3091 amplissimi
567 3034 680 3072 causam
691 3015 765 3071 tanti
778 3014 897 3090 periculi

60 3095 261 3171 repudiassem.
304 3093 404 3171 Neque
419 3095 495 3151 enim
510 3095 567 3151 iam
581 3095 653 3151 mihi
667 3095 734 3152 licet
747 3112 840 3169 neque
854 3101 896 3150 est

58 3174 211 3249 integrum,
224 3179 256 3230 ut
270 3192 367 3230 meum
381 3172 509 3232 laborem
521 3174 683 3233 hommum
692 3172 840 3250 perionis
848 3169 919 3221 exm-

225 3271 242 3328 7
