1988 3480
69 114 100 159 2‘3
239 110 277 158 IN
296 110 324 159 L.
341 109 546 159 CATILINAM
563 109 698 161 ORATIO
715 111 737 159 1.

68 208 172 258 Statoris
192 210 409 272 convocavit,an
429 225 486 257 cum
507 208 617 258 Catilina
637 209 708 270 qnasi
728 209 764 255 sui
785 209 910 270 pnmmndi

68 289 143 320 cansa
155 274 261 322 venisset
275 275 363 322 Cicero
380 290 444 334 cam,
456 289 520 337 qliae
537 274 602 321 infra
619 273 716 333 legitur,
729 274 867 322 emtionem
882 275 910 322 in

69 339 204 387 Catilinam
215 339 429 388 vehementissime
440 339 558 388 invehens
570 339 665 387 haihait.

109 450 130 506 I.
172 455 196 506 1.
213 449 277 518 Quo
293 470 381 528 nsque
392 451 508 508 tandem
523 450 647 519 abutere,
658 449 788 519 Catilina,
799 450 910 526 patien-

68 531 109 586 tia
122 531 238 587 nostrat
260 549 344 607 quam
362 531 413 588 diu
429 531 515 587 etiam
533 530 614 586 furor
630 529 683 586 istc
697 536 763 585 tuns
780 548 834 585 nos
851 529 910 587 elu-

68 610 135 666 dett
157 629 241 687 quem
259 609 395 667 adfinem
413 629 473 666 sese
490 610 627 666 effrenata
640 608 757 665 iactabit
771 609 909 667 audaciai

69 689 185 746 Nihilne
199 696 228 747 te
242 696 414 747 nocturnum
430 689 602 765 praesidinm
616 688 727 758 Palatii,
740 688 811 744 nihil
829 688 909 746 urbis

69 769 190 848 vigiliae,
201 769 273 826 nihil
288 769 376 826 timor
389 768 498 845 populi,
510 767 581 824 nihil
597 787 751 825 concursus
763 768 906 825 bonorum

68 849 205 919 omnium,
218 849 288 905 nihil
306 848 352 905 hie
369 848 578 905 munitissimus
593 847 718 904 habendi
737 854 851 904 senatus
867 848 909 904 lo-

68 949 125 998 eus,
141 928 211 984 nihil
230 928 333 985 horum
354 947 403 985 ora
422 927 573 1004 vultusque
594 928 764 984 moverunt?
804 926 908 985 Patere

68 1015 118 1064 tua
134 1008 252 1064 consilia
268 1027 327 1064 nou
345 1008 451 1065 sentis?
472 1007 656 1064 constrictam
674 1001 757 1084 [iam]
776 1007 906 1063 omnium

69 1087 170 1143 horum
182 1086 300 1144 scientia
310 1087 400 1144 teneri
414 1087 639 1144 coniurationem
651 1094 729 1143 tuam
741 1106 799 1143 uon
810 1086 907 1144 videsl

68 1167 144 1234 Quid
153 1167 291 1243 proxima,
302 1167 371 1243 quid
382 1167 525 1242 superiore
539 1173 624 1223 nocte
638 1167 736 1242 egeris,
747 1166 796 1223 ubi
807 1166 905 1238 fueris,

69 1266 140 1322 qnos
162 1247 369 1317 convocaveris,
391 1246 461 1323 qnid
485 1245 596 1302 consilii
620 1246 728 1322 ceperis
751 1265 835 1323 quern
856 1264 908 1302 no-

68 1333 157 1382 strum
173 1326 303 1401 ignorare
317 1325 479 1381 arbitraris?
514 1331 539 1381 2.
553 1324 735 1400 Otemporal
757 1325 906 1384 Omores!

69 1412 182 1461 senatus
197 1405 265 1461 haec
279 1404 422 1481 intelligit,
435 1403 533 1461 consul
545 1404 638 1461 videt:
660 1404 706 1461 hic
717 1412 814 1462 tamen
825 1406 903 1464 vivit.

68 1483 168 1542 Vivitl
188 1484 278 1540 immo
296 1504 362 1542 vero
383 1485 470 1541 etiam
487 1484 517 1540 in
538 1491 667 1541 senatum
684 1485 770 1554 veuit,
786 1484 819 1542 fit
835 1485 906 1561 pub·

67 1563 115 1621 liei
129 1563 239 1622 consilii
250 1564 400 1641 particeps,
412 1572 496 1622 notat
509 1570 538 1621 et
551 1564 682 1641 designat
696 1564 785 1620 oculis
799 1565 836 1621 ad
846 1584 906 1622 cae

68 1644 133 1701 dem
148 1664 237 1702 unum
253 1664 394 1722 quemque
408 1651 546 1702 nostrum.
588 1644 651 1701 Nos
664 1650 768 1716 autem,
781 1644 834 1704 viri
848 1645 906 1702 for-

67 1732 118 1795 teS,
131 1725 199 1782 satis
209 1725 302 1781 facere
313 1725 353 1782 rei
364 1724 494 1800 publicae
503 1724 639 1794 videmur,
651 1724 674 1779 si
685 1724 767 1780 istius
777 1724 905 1782 furorem

68 1823 100 1860 ae
114 1804 171 1860 tela
184 1804 314 1860 vitemus.
350 1803 400 1859 Ad
412 1809 535 1859 mertem
550 1810 587 1873 te,
600 1803 731 1874 Catilina,
744 1803 810 1861 duci
827 1803 905 1862 iussu

68 1882 192 1940 consulis
203 1883 260 1939 iam
271 1882 382 1959 pridem
398 1881 555 1957 oportebat,
569 1882 598 1938 iu
613 1889 642 1939 te
657 1883 780 1940 conferri
794 1891 905 1960 pestem

69 1982 153 2039 quam
170 1968 202 2017 tu
220 1962 250 2017 iu
266 1980 320 2017 nos
338 1956 407 2035 [iam
425 1958 487 2038 din]
506 1961 683 2019 machinaris.
727 1970 753 2021 3.
771 1963 820 2019 An
838 1983 904 2021 vero

68 2043 111 2097 vir
134 2040 334 2117 amplissimus
354 2039 386 2097 P.
406 2040 511 2117 Scipio,
533 2043 665 2117 pontifex
693 2044 843 2114 maximae,
859 2043 903 2100 Ti.

67 2121 228 2178 Gracchum
239 2120 420 2177 mediocriter
430 2120 648 2180 labefactantem
663 2130 768 2180 statum
784 2124 824 2180 rei
834 2123 906 2200 pub-

68 2201 138 2257 licae
162 2200 289 2277 privatus
314 2200 477 2258 interfecit:
509 2200 661 2259 Catilinam
690 2204 789 2261 orbem
814 2210 905 2260 terrae

68 2281 153 2338 caede
164 2287 249 2357 atqne
260 2280 400 2337 incendiis
410 2288 518 2338 vastare
533 2283 695 2358 cupientem
707 2302 760 2339 nos
775 2283 905 2340 consules

68 2361 260 2437 perferemus?
292 2359 366 2416 Nam
378 2361 425 2418 illa
436 2361 521 2418 nimis
534 2363 652 2439 antiqua
662 2370 815 2438 praetereo,
827 2363 905 2439 qnod

69 2440 100 2497 C.
114 2440 247 2498 Servilius
263 2439 357 2497 Ahala
374 2441 421 2518 Sp.
433 2441 567 2499 Maelium
584 2442 666 2497 novis
687 2441 770 2497 rebus
792 2443 906 2499 studen-

68 2527 127 2576 tem
147 2541 232 2579 manu
252 2541 302 2577 sua
319 2521 431 2578 occidit.
475 2521 548 2590 Fuit,
566 2520 623 2576 fnit
640 2521 695 2576 ista
712 2520 856 2595 qnondam
875 2523 904 2576 in

68 2598 121 2655 hac
135 2611 164 2656 re
179 2601 292 2676 publica
305 2601 402 2671 virtus,
414 2608 447 2658 ut
460 2600 513 2657 viri
527 2600 617 2655 fortes
631 2598 786 2655 acrioribus
800 2600 905 2676 snppli-

68 2678 119 2733 ciis
136 2679 227 2736 civem
243 2680 433 2755 perniciosum
452 2698 537 2756 qnam
558 2677 770 2736 acerbissimum
791 2679 903 2737 hostem
950 2688 953 2694 '

68 2763 238 2814 coercerent.
275 2758 422 2816 Habemus
437 2765 550 2815 senatus
564 2757 726 2814 consultum
740 2760 818 2832 inte,
830 2760 904 2817 Cati·

68 2836 133 2905 lina,
147 2836 298 2894 vehemens
312 2845 341 2894 ct
352 2856 452 2913 grave:
474 2856 532 2894 non
548 2837 627 2893 deest
641 2838 681 2894 rei
695 2839 824 2915 publicae
839 2859 904 2897 con-

69 2916 162 2971 silium
177 2936 269 2994 neque
283 2918 435 2973 auctoritas
445 2915 530 2973 huius
545 2916 668 2973 ordinis:
690 2937 750 2990 neS,
766 2927 826 2991 uos,
839 2920 903 2976 dico
932 2917 933 2920 ’

68 3003 172 3070 aperte,
185 2996 314 3053 consules
325 2996 466 3052 desumus
505 2994 543 3052 Π.
575 3000 601 3052 4.
613 2995 747 3056 Decrevit
759 2999 903 3076 qnondam

68 3081 190 3146 senatus,
209 3084 241 3132 ut
265 3075 295 3132 L.
306 3075 439 3151 Opimius
460 3075 557 3132 consul
575 3076 683 3133 videret
706 3098 741 3135 ue
767 3077 836 3154 quid
860 3095 904 3132 res
970 3092 972 3097 ·

51 3153 176 3224 publiea
187 3155 354 3213 detrimenti
364 3161 496 3233 caperet:
515 3176 573 3217 uox
584 3155 664 3215 nulla
673 3157 836 3216 intercessit
843 3173 853 3210 ·.
866 3155 909 3208 'm-
