1988 3480
235 151 313 203 cur.
329 153 560 215 mlx-xm,
576 152 590 213 e
606 155 727 202 roaros.
854 154 901 202 aec

64 256 128 334 quis
152 256 262 313 venisse
283 255 375 312 dicitl
403 255 467 331 quis
488 254 600 311 hastam
623 254 706 312 istius
727 253 902 312 venditionis

62 336 151 393 viditl
169 336 232 412 quis
243 355 342 392 vocem
353 335 501 412 praeconis
512 335 638 391 audivitl
669 334 781 391 Misisse
792 340 821 391 te
831 333 903 392 diois

61 416 271 473 Alexandream
294 416 343 493 qui
366 421 472 472 emeret
494 434 511 471 a
532 414 658 472 Caesare.
702 414 801 491 Ipsum
824 415 901 472 enim

62 503 223 573 exspectare
237 515 374 572 magnum
385 495 450 551 fuit.
485 499 549 551 104.
563 493 633 562 Quis
645 514 710 551 vero
721 494 831 551 audivit
841 514 903 550 um-

62 576 293 653 quam-nullius
310 582 405 632 autem
427 573 502 631 salus
523 593 605 631 curae
622 574 750 650 pluribus
767 573 901 631 fuit—de

61 657 186 713 fortunis
194 655 333 713 Varronis
347 674 406 712 rem
422 653 508 711 ullam
524 673 584 711 csse
599 654 774 711 detractam?
806 653 901 722 Quint

62 736 85 792 si
103 736 189 792 etiam
206 736 318 812 scripsit
332 735 369 792 ad
383 741 417 792 te
426 734 530 792 Caesar
546 741 579 791 ut
595 734 735 804 redderes,
748 733 819 811 quid
833 734 901 792 satis

61 822 157 892 pot-est
176 815 233 872 dici
250 815 286 872 de
305 822 386 872 tanta
403 813 602 892 impudential
642 814 769 872 Remove
790 813 901 890 gladios

61 915 213 972 parumper
234 895 304 967 illos,
318 915 389 973 quos
408 895 555 952 videmus:
576 895 634 952 iam
651 894 794 971 intelliges
815 892 900 950 aliam

61 994 174 1033 causam
199 995 259 1032 esse
280 975 377 1032 hastae
398 975 534 1046 Caesaris,
550 975 634 1032 aliam
659 973 851 1032 confidentiae
871 980 900 1030 et

11 1107 13 1112 .
60 1055 228 1112 temeritatis
245 1062 318 1113 tuae.
361 1055 428 1113 Non
446 1056 522 1113 enim
540 1062 568 1113 te
586 1055 720 1112 dominns
737 1054 826 1112 modo
843 1052 900 1110 illis

61 1135 182 1205 sedibus,
193 1135 243 1193 sed
254 1136 347 1212 quivis
361 1136 477 1206 amicus,
486 1135 603 1204 vicinus,
611 1135 724 1211 hospeS,
732 1140 900 1211 procurator

60 1215 173 1272 arcebit.
216 1215 293 1272 XLI.
309 1215 351 1272 At
365 1235 451 1292 quarn
469 1215 575 1271 multos
592 1215 697 1271 diesin
715 1234 749 1271 ea
762 1213 829 1270 villa
843 1220 900 1270 tur-

59 1295 175 1371 pissime
191 1301 234 1352 est
247 1294 468 1370 perbacchatus!
503 1294 551 1351 Ab
562 1293 634 1350 hora
644 1294 729 1351 tertia
738 1291 898 1364 bibebatur,

60 1374 218 1445 ludebatur,
235 1373 410 1430 vomebatur.
453 1373 479 1430 Ο
501 1381 577 1430 tecta
598 1374 661 1451 ipsa
684 1373 795 1443 misera,
811 1391 899 1446 qaum

60 1455 172 1526 dispari
188 1452 325 1510 domino!
360 1452 539 1530 Quamquam
557 1473 613 1530 quo
631 1453 719 1510 modo
736 1453 790 1510 iste
809 1452 900 1509 domi-

60 1535 131 1597 nust
166 1533 223 1590 Sed
234 1540 330 1590 tamen
345 1552 430 1610 qnam
445 1532 480 1590 ab
495 1533 601 1610 dispari
611 1533 799 1591 tenebantur!
835 1532 899 1591 Stu-

60 1612 174 1669 diorum
199 1614 276 1669 enim
301 1632 416 1670 suorum
437 1613 530 1671 Varro
551 1613 642 1671 voluit
662 1612 742 1685 illud,
757 1632 816 1670 non
837 1612 899 1670 libi-

60 1692 161 1748 dinum
184 1693 383 1749 deversorium.
428 1698 493 1749 105.
509 1692 589 1760 Quae
610 1693 640 1750 in
662 1693 710 1751 illa
728 1692 796 1750 villa
815 1700 899 1750 antea

60 1772 242 1832 dicebantur!
265 1792 336 1849 quac
350 1771 566 1848 cogitabantur!
588 1792 660 1850 quae
670 1773 773 1831 litteris
783 1773 899 1829 manda-

60 1851 179 1910 bantur!
214 1852 280 1909 Iura
293 1852 393 1929 populi
407 1852 539 1924 Romani,
549 1860 737 1910 monumenta
747 1852 897 1923 maiorum,

60 1932 154 1988 omnis
168 1932 323 2008 sapientiae
337 1932 410 1989 ratio
425 1933 575 2010 omnisque
589 1933 743 1990 doctrinae.
778 1932 821 1989 At
832 1951 898 1990 vero

59 2019 87 2069 te
99 2011 339 2088 inquilino-non
350 2012 427 2068 enim
439 2012 790 2090 domino—personabant
800 2013 899 2070 omnia

58 2091 176 2149 vocibus
190 2092 349 2149 ebriorum:
371 2092 509 2150 natabant
519 2093 683 2169 pavimenta
696 2093 782 2150 vino:
803 2093 899 2150 made-

58 2172 128 2228 bant
145 2172 282 2247 parietes:
305 2172 422 2246 ingenui
443 2173 523 2248 pueri
540 2192 606 2230 cnm
627 2173 789 2243 moritonie,
805 2180 899 2231 scorta

60 2251 133 2307 inter
146 2258 251 2308 matres
261 2250 385 2307 familias
396 2252 587 2310 versabantur.
623 2252 729 2310 Casino
744 2252 897 2310 salutatum

60 2330 218 2400 veniebant,
230 2331 356 2407 Aquin0,
367 2330 537 2389 Interamna.
579 2332 732 2389 Admissus
746 2339 789 2389 est
803 2351 896 2390 nem0.

60 2408 124 2466 Iure
142 2409 172 2466 id
189 2410 314 2486 quidem.
356 2409 390 2466 ln
408 2409 524 2467 homine
541 2411 618 2468 enim
632 2411 799 2489 turpissimo
817 2411 899 2468 obso-

59 2488 191 2547 lefiebant
203 2489 352 2566 dignitatis
366 2490 496 2566 insignia.
535 2496 600 2548 106.
611 2491 686 2549 Cum
696 2491 764 2548 inde
775 2490 898 2548 Romam

59 2568 240 2645 proficiscens
257 2570 294 2626 ad
310 2569 458 2646 Aquinum
478 2570 632 2643 accederet,
645 2571 682 2628 ob
699 2571 774 2628 viam
791 2571 818 2628 ei
835 2590 899 2647 pro-

60 2649 153 2717 cessit,
165 2657 198 2705 ut
212 2656 255 2706 est
269 2649 404 2725 frequens
417 2650 616 2727 municipium,
628 2670 734 2727 magna
747 2670 813 2708 sane
828 2650 899 2708 mul-

59 2728 163 2786 titudo.
199 2729 240 2786 At
251 2729 304 2785 iste
319 2736 418 2804 operta
431 2729 532 2787 lectica
541 2730 616 2787 latus
629 2751 680 2807 per
694 2731 834 2807 oppidum
846 2737 897 2801 est,

60 2814 92 2863 ut
113 2815 251 2865 mortuus,
295 2807 388 2865 Stulte
409 2808 588 2885 Aquinates:
614 2811 664 2868 sed
684 2817 780 2868 tamen
801 2811 831 2866 in
852 2810 898 2866 via

59 2886 234 2944 habitabant.
268 2887 345 2956 Quid
356 2887 521 2964 Anagninil
551 2889 616 2961 Qui,
628 2910 692 2947 cum
707 2897 801 2947 essent
812 2889 898 2961 devii,

60 2966 274 3037 descenderunt,
287 2975 320 3024 ut
336 2968 431 3038 istum,
444 2975 591 3046 tamquam
613 2970 636 3026 si
657 2976 738 3040 esset,
751 2969 897 3027 consulem

59 3046 221 3104 salutarent.
258 3047 427 3104 Incredibile
445 3048 532 3119 dictu,
545 3049 595 3106 sed
609 3049 699 3106 nihilo
713 3050 809 3106 minus
823 3050 899 3106 inter

60 3145 161 3183 omnes
174 3126 323 3184 constabat
337 3127 482 3185 neminem
495 3147 557 3186 esse
569 3129 916 3197 resalutatnm,qraessx-

57 3206 108 3264 tim
127 3225 192 3265 cum
214 3207 289 3267 duos
309 3227 410 3280 secum
429 3207 611 3290 Anagninos
618 3193 952 3269 nataretatxstsbm
