1988 3480
105 112 154 159 2ιὸ
182 110 219 159 Is'
237 108 273 159 II.
287 106 483 159 amomum
498 106 643 159 ORATIO
660 108 887 163 PHILIPPII'A
902 112 932 162 IL

106 212 179 269 Ira-ie
201 210 296 278 tuerit,
312 228 369 287 qna
388 214 506 279 stat-ura,
521 226 583 287 quo
601 210 790 291 munieIpio,
805 232 864 293 qna
882 213 953 271 tribu

109 291 185 347 sita
202 292 269 353 seia,
281 290 383 367 inquis.
394 288 448 346 nisi
464 308 537 366 quae
551 290 678 367 praedia
691 290 844 352 habuerit.
880 293 907 351 Is
915 313 955 361 m

107 382 154 426 tur
179 370 294 425 fratrem
324 368 498 425 exheredans
525 375 555 427 tc
580 369 716 429 faciebat
743 371 892 431 heredem.
929 372 954 429 ln

106 450 210 506 uarias
227 462 371 527 pmvterea
387 449 522 526 pecunias
540 448 799 509 alienissimorum
817 453 955 511 hominnm
993 457 994 462 ’

106 530 132 587 ri
155 530 253 587 eid-tis
272 531 345 587 reris
366 528 525 593 heredibus,
540 536 696 607 tamquam
717 530 812 590 heres
831 542 912 603 esset,
924 534 956 591 in

106 612 186 667 rasit.
224 618 270 667 42.
289 614 469 687 Quamquam
487 608 542 665 hoc
559 609 690 668 maxime
707 611 880 671 admiratus
896 632 954 681 sum,

106 692 281 747 ιιιιιιῐίιιιιοιιι
305 700 332 746 te
354 688 543 746 hereditatum
564 706 670 746 ausum
693 710 763 751 csse
780 692 889 765 facere,
902 711 955 751 cum

108 772 168 847 ipse
184 770 370 827 iwreditatem
385 768 474 847 patris
488 786 545 823 ιιιιιι
560 768 680 827 alisses.

149 850 245 907 xta.
267 849 343 907 Ilaec
365 858 394 906 ut
412 846 568 921 colligeres,
580 846 671 904 homo
691 852 956 924 amentissIme‚tct

108 930 168 985 :lies
190 930 217 984 iu
241 930 333 985 aliena
350 927 416 983 villa
435 925 621 984 declamastii
641 946 834 1008 quamquam
856 934 957 1011 tuqui

107 1009 181 1071 ιίιιιι,
195 1018 227 1063 ιιι
246 1008 289 1063 tui
312 1006 527 1064 familiarissimi
548 1005 696 1078 dictitant,
710 1010 778 1069 vini
801 1012 955 1077 exhalandi.

108 1107 164 1142 ιιιιιι
189 1087 294 1159 ingenii
316 1087 436 1143 acuendi
458 1104 542 1143 eausa
561 1085 716 1146 declamas
762 1091 813 1150 At
831 1113 899 1152 vero
917 1093 957 1151 ad·

109 1166 189 1223 bibes
206 1166 261 1222 iaci
279 1186 363 1223 eausa
380 1166 548 1241 magistrum
566 1166 706 1243 suffragio
723 1175 783 1227 tuo
799 1180 833 1230 et
849 1192 957 1252 compe

107 1258 203 1305 tarum
218 1259 332 1304 tuorum
349 1246 500 1316 rhetorem,
510 1246 556 1303 cui
570 1247 740 1305 concessisti
754 1258 793 1308 ut
805 1252 838 1310 in
850 1261 881 1311 te
894 1272 957 1332 qnae

109 1329 190 1386 vellet
209 1328 324 1391 diceret,
337 1326 440 1383 salsum
459 1326 577 1383 omnino
594 1325 756 1399 hominem,
769 1332 829 1389 sed
847 1334 958 1392 materia

110 1409 201 1464 far-ilis
216 1417 257 1465 est
274 1408 302 1463 in
318 1415 346 1463 te
360 1414 389 1463 et
404 1407 432 1462 in
447 1414 512 1463 tuos
526 1405 604 1462 dicta
617 1405 721 1465 dicere.
766 1408 855 1470 Vide
869 1422 957 1471 autem

110 1488 178 1562 qnid
201 1487 312 1544 intersit
333 1487 407 1543 inter
427 1494 456 1543 te
478 1492 507 1542 et
528 1504 612 1543 avum
633 1492 728 1544 tuum.
773 1488 833 1549 Ille
859 1494 957 1552 sensim

108 1567 220 1623 (licebat
231 1567 308 1644 quod
317 1585 416 1623 causae
427 1566 590 1642 prodesset:
608 1572 641 1622 tu
651 1567 760 1624 cursim
770 1569 853 1630 dicis
863 1574 957 1632 aliena

110 1651 156 1703 4³.
173 1647 214 1703 At
229 1657 335 1724 ‹prauta
351 1665 458 1703 merces
474 1645 580 1702 rhetori
595 1644 662 1703 data
678 1647 740 1704 esti
777 1648 905 1724 Audite,
917 1672 959 1711 au·

109 1726 178 1795 dite,
191 1737 285 1804 patres
299 1726 461 1803 conscripti
473 1733 502 1783 et
513 1724 677 1803 cognoscite
692 1725 734 1782 rei
748 1728 892 1805 publicae
905 1731 959 1790 vnl-

110 1826 184 1863 nera.
221 1807 288 1863 Duo
305 1805 384 1862 milia
401 1806 530 1881 iugerum
548 1804 642 1882 campi
659 1804 799 1866 Leontini
818 1810 888 1872 Sex.
898 1812 959 1871 cle

110 1887 158 1943 dio
174 1887 279 1943 rhetori
294 1886 450 1961 adsignasti
468 1893 497 1942 et
511 1885 627 1962 quidem
641 1884 845 1960 immanium
858 1911 901 1970 po
922 1891 958 1949 uli

110 1966 232 2022 Romam
250 1972 330 2021 tauta
348 1965 478 2021 mercede
495 1965 566 2022 nihil
584 1984 681 2042 sapere
698 1965 835 2027 disceres.
913 1990 958 2029 um

110 2047 195 2102 etiam
215 2044 276 2111 hae,
289 2043 377 2098 homo
399 2044 593 2115 audentissime,
606 2063 641 2102 ex
658 2043 790 2104 Caesaris
811 2067 959 2109 commen·

109 2123 207 2180 tariisi
247 2122 304 2178 Sed
319 2122 412 2178 dicam
431 2123 488 2180 alio
501 2124 566 2182 Ioco
583 2132 612 2182 οι
628 2124 664 2182 de
679 2124 825 2184 Leontino
841 2148 916 2207 agro
932 2136 959 2188 et

110 2203 146 2260 de
167 2202 324 2277 (Jarnpano,
340 2220 412 2277 quos
436 2202 489 2259 iste
513 2223 598 2280 agros
621 2212 735 2282 ereptos
759 2207 959 2284 reipublicae

110 2281 281 2361 turpissimis
292 2281 501 2358 possessoribus
511 2282 679 2361 inquinavit.
715 2282 776 2341 Iam
790 2288 961 2368 enim,quo-

110 2365 187 2421 niam
209 2361 376 2420 criminibus
397 2362 457 2419 eius
478 2364 546 2420 satis
566 2364 710 2441 respondi,
723 2363 759 2421 de
777 2364 844 2441 ipso
863 2388 961 2427 emen·

111 2445 209 2501 datore
230 2451 259 2501 et
276 2450 433 2500 correctore
454 2450 552 2499 nostro
574 2443 713 2518 quaedam
733 2443 859 2503 dicenda
881 2456 959 2507 sunt

112 2523 171 2581 Nee
193 2524 268 2580 enim
291 2523 389 2579 omnia
409 2522 564 2592 effundam,
576 2529 617 2592 ut,
633 2523 656 2579 si
674 2523 787 2600 saepius
808 2525 961 2586 decertan-

111 2603 179 2660 dum
198 2604 243 2673 sit,
256 2610 288 2659 nt
303 2603 364 2671 erit,
377 2621 490 2680 semper
507 2621 600 2658 novus
614 2603 741 2659 veniam:
763 2621 852 2678 quam
867 2607 962 2665 facul·

111 2690 199 2740 tatem
215 2682 286 2739 mihi
300 2682 458 2740 multitudo
472 2682 555 2738 istius
566 2681 701 2738 vitiorum
711 2688 961 2765 peccatorumque

112 2763 238 2835 largitur.

152 2841 264 2899 XVIII.
301 2845 348 2898 44.
359 2840 449 2899 Visne
466 2840 556 2917 igitur
572 2848 601 2897 te
616 2841 800 2918 inspiciamus
813 2859 831 2897 a
844 2847 962 2918 puero?

112 2921 167 2992 Sic,
180 2921 299 2999 opinor:
321 2940 338 2977 a
351 2920 494 2998 principio
508 2920 660 2977 ordiamur.
702 2919 830 2977 Tenesne
845 2941 963 2983 memo·

113 3001 154 3057 ria
169 3007 380 3078 praetextatum
397 3007 425 3056 ιο
442 2998 607 3056 decoxisse?
648 2999 751 3069 Patris,
764 3000 887 3075 inquies,
901 3003 962 3063 ista

112 3082 196 3157 culpa
212 3087 262 3137 est.
302 3079 443 3135 Concede.
483 3078 599 3135 Etenim
614 3085 657 3135 est
673 3079 788 3156 pietatis
805 3078 892 3154 plena
909 3084 962 3141 de-

112 3159 213 3216 fensio.
257 3157 332 3214 Illud
348 3163 444 3213 tamen
466 3157 600 3214 audaciae
617 3164 691 3227 tuae,
704 3157 782 3234 quod
803 3157 904 3216 sedisti
926 3162 960 3220 in
