1988 3480
73 116 124 164 240
151 115 189 164 IN
207 113 244 164 Μ.
259 110 450 163 aurorum
466 108 608 161 ORATIO
627 112 863 165 PHILIPPICA
879 115 910 165 II

73 214 176 287 telligit
202 232 277 279 eriri,
293 231 378 290 quem
402 216 502 269 eontra
525 209 607 281 dicit,
625 210 750 271 laudari
772 233 793 272 a
814 233 861 273 se:
884 234 932 285 eos

74 294 150 370 aprul
166 313 238 368 qum
252 293 330 357 ‹lu-ir,
342 291 501 368 vituperari.
547 289 677 348 ialam
696 292 777 351 illud
792 296 877 353 euius
889 303 931 363 est,

74 393 131 430 nen
155 372 220 427 dieu
243 371 497 447 :eulmine-eupit
521 369 600 426 euim
627 390 661 427 se
685 373 930 443 audacem—sed,

74 452 152 529 qumi
174 452 292 508 minime
311 451 378 513 vult.
391 450 535 515 stultitiae,
549 468 608 526 qua
623 450 724 509 vineit
744 472 863 525 omneS,
874 454 931 511 clivi

74 532 229 609 t'apituliui
242 531 416 587 rmutimrem
429 530 529 593 facere,
539 548 606 585 eum
621 529 706 587 Inter
716 532 864 591 subsellia
876 553 931 591 noe

74 621 119 669 tm
136 620 282 669 versentur
302 610 422 666 unrratil
442 629 507 666 eum
526 609 555 665 in
572 607 626 666 hac
640 609 721 668 cella
739 612 928 684 Concordiae,

73 693 104 749 di
123 692 313 749 immortales!
335 691 365 746 iu
383 708 439 765 qua
455 708 501 745 me
518 687 635 745 consule
652 690 808 750 salutares
825 702 930 752 senten·

74 773 130 829 tiae
148 772 240 829 dietae
258 779 332 839 sunt,
346 769 449 847 quibus
465 768 501 825 ad
518 767 592 825 hanc
609 768 690 825 diem
711 771 856 843 viximus,
868 793 928 830 cum

73 852 176 927 gladiis
194 851 324 907 Immines
344 849 474 905 ‹mlloeati
496 849 591 905 stentl
631 847 756 907 Aeensa
779 862 926 911 senatum:

73 951 174 988 aerum
190 940 349 1006 equestrem
371 929 509 998 ordinem,
522 927 572 1004 qui
587 934 650 984 tum
669 948 741 987 curn
761 941 870 991 senatu
887 952 928 990 co

73 1010 187 1088 pulatns
199 1010 269 1066 luit:
287 1028 388 1065 areum
398 1028 498 1065 omnes
508 1007 630 1077 ordines,
639 1026 746 1067 omnes
757 1012 850 1083 cives,
861 1013 925 1070 dun

72 1089 224 1147 confiteare
234 1088 309 1145 hunc
321 1088 450 1145 ordinem
462 1088 517 1145 hoe
528 1088 591 1164 ipso
601 1093 737 1164 tempore
751 1090 794 1147 ab
807 1091 924 1150 Ituraeis

73 1168 279 1242 circumsederi.
323 1168 403 1225 llaec
420 1175 452 1224 tu
469 1187 527 1224 non
545 1173 663 1244 propter
678 1169 841 1228 audaciam
857 1172 923 1229 dicis

72 1258 133 1308 tam
149 1249 338 1327 impudenter,
351 1248 400 1305 sed
415 1247 490 1324 quia,
503 1266 568 1304 eum
579 1253 688 1304 tantam
706 1266 809 1306 rerum
826 1271 923 1329 repug-

73 1330 200 1387 nantiam
219 1348 276 1386 nou
295 1328 398 1395 videas,
411 1325 482 1383 nihil
500 1326 632 1404 profecto
649 1327 736 1402 sapis,
783 1328 868 1398 Quid
883 1339 923 1388 sat

73 1411 149 1467 enim
172 1409 333 1466 dementius
354 1426 448 1485 quam,
460 1426 526 1464 cum
547 1405 739 1483 reipublicae
758 1411 923 1484 perniciosa

72 1509 152 1546 anua
168 1490 229 1566 ipse
246 1489 362 1565 ceperis,
374 1487 497 1545 obiicere
518 1486 599 1544 alteri
616 1485 771 1544 salutaria?
817 1496 867 1548 20.
883 1490 922 1546 At

73 1569 159 1626 etiam
178 1569 303 1646 quodam
321 1569 384 1625 loco
401 1568 512 1623 facetus
529 1585 589 1624 esse
605 1565 729 1623 voluisti
768 1566 874 1636 Quam
893 1568 922 1627 id

72 1657 110 1717 te,
123 1650 153 1706 di
168 1649 245 1718 boni,
258 1668 316 1705 non
333 1646 468 1705 decebat!
510 1645 544 1702 In
559 1665 617 1724 quo
633 1653 677 1703 est
690 1652 742 1702 tua
758 1647 850 1725 eulpa
864 1669 921 1707 non

72 1728 157 1786 nulla.
200 1728 322 1806 Aliquid
346 1728 423 1785 enim
448 1725 514 1784 salis
537 1745 555 1783 a
578 1726 668 1783 mima
691 1744 781 1785 uxore
805 1729 921 1788 trahere

72 1809 201 1885 potuisti.
238 1809 364 1866 Onnaur
379 1824 587 1864 nauaroeaa.
623 1804 719 1874 Quid?
739 1813 804 1864 tum
822 1827 921 1868 nonne

72 1889 235 1945 cesserunt?
272 1887 313 1945 At
328 1895 428 1964 postea
441 1887 499 1945 tuis
513 1886 600 1943 armis
613 1885 697 1943 cessit
710 1893 789 1962 toga„
811 1887 921 1957 -Quae

73 1986 167 2024 ramus
192 1967 281 2043 igitur
304 1974 401 2023 utrum
425 1966 528 2024 melius
552 1966 640 2024 fuerit
663 1964 790 2023 libertati
815 1969 920 2046 populi

72 2046 196 2103 Romani
221 2045 420 2102 sceleratorum
443 2066 521 2104 anna
544 2065 581 2103 an
602 2045 762 2104 libertatem
787 2055 920 2106 nostram

72 2126 158 2182 armis
174 2125 231 2181 tuis
253 2125 359 2182 cedere.
402 2125 464 2183 Nec
480 2146 547 2185 vero
564 2125 617 2183 tibi
637 2126 673 2184 de
689 2125 818 2185 versibus
834 2129 921 2206 plura

73 2204 268 2282 respondebo:
290 2211 403 2262 tantum
425 2207 519 2264 dicam
540 2206 672 2278 breviter,
687 2212 716 2264 te
735 2224 830 2284 neque
853 2209 921 2267 illos

72 2305 164 2363 neque
181 2285 252 2342 ullas
268 2286 388 2343 omnino
404 2287 515 2346 litteras
532 2305 632 2344 nosse:
654 2306 701 2344 me
717 2305 769 2345 nec
786 2288 828 2345 rei
845 2289 921 2365 pub

73 2365 143 2424 licae
164 2385 216 2424 uec
238 2367 338 2424 amicis
358 2386 496 2445 umquam
517 2367 650 2437 defuisse,
667 2373 696 2424 et
716 2373 813 2424 tamen
836 2371 920 2427 omni

72 2466 175 2522 genere
196 2456 449 2504 monumentorum
474 2466 602 2504 meorum
628 2446 781 2524 perfecisse
806 2441 921 2525 [operis

72 2525 249 2603 subsecivis]‚
262 2535 294 2584 nt
311 2547 391 2585 meae
408 2521 522 2604 ¹vigiliae
543 2545 679 2604 meaeque
696 2526 807 2583 litterae
829 2535 859 2585 et
876 2529 921 2586 in-

72 2609 183 2663 ventuti
204 2606 337 2664 utilitatis
358 2615 387 2664 ct
408 2606 519 2664 nomini
540 2605 671 2662 Romano
692 2606 785 2663 laudis
805 2606 920 2684 aliquid

72 2685 225 2744 adferrent.
268 2686 326 2744 Sed
346 2686 415 2744 haec
439 2705 499 2744 non
520 2685 605 2743 huius
625 2687 781 2763 temporis:
806 2687 920 2747 maiora

72 2764 227 2823 videamus.

113 2844 165 2902 IX.
196 2852 242 2903 21.
255 2845 288 2903 P.
299 2846 433 2903 Clodium
448 2865 513 2904 meo
524 2845 643 2902 consilio
655 2845 840 2903 interfectum
855 2866 918 2905 esse

73 2925 179 2983 dixisti.
216 2925 360 2994 Quidnam
377 2926 510 2983 homines
527 2932 669 3002 putarent,
683 2927 706 2983 si
724 2927 786 2984 tiim
804 2927 918 2984 occisus

73 3012 154 3074 esset,
167 3024 231 3062 eum
250 3013 287 3082 tu
303 3005 383 3061 illum
404 3006 434 3061 in
456 3007 521 3062 foro
538 3002 716 3081 inspectante
733 3005 841 3083 populo
859 3006 917 3064 lte-

73 3103 158 3141 mano
169 3085 265 3160 gladio
275 3079 401 3161 [stricto]
411 3086 556 3141 insecutus
568 3104 597 3141 es
608 3086 814 3162 negotiumque
825 3092 916 3142 trans-

73 3165 187 3239 egisseS,
199 3164 254 3220 nisi
271 3183 301 3220 se
317 3163 365 3222 ille
381 3164 411 3220 in
426 3162 515 3220 scalas
527 3162 662 3221 tabernae
679 3164 807 3221 librariae
822 3165 916 3221 conie-
