<?xml version="1.0" encoding="UTF-8"?>
<!DOCTYPE html PUBLIC "-//W3C//DTD XHTML 1.0 Transitional//EN"
    "http://www.w3.org/TR/xhtml1/DTD/xhtml1-transitional.dtd">
<html xmlns="http://www.w3.org/1999/xhtml" xml:lang="en" lang="en">
 <head>
  <title>
</title>
<meta http-equiv="Content-Type" content="text/html;charset=utf-8" />
  <meta name='ocr-system' content='tesseract 3.04.00' />
  <meta name='ocr-capabilities' content='ocr_page ocr_carea ocr_par ocr_line ocrx_word'/>
</head>
<body>
  <div class='ocr_page' id='page_1' title='image "./mtulliiciceroni32cicegoog_0084.png"; bbox 0 0 1988 3480; ppageno 0'>
   <div class='ocr_carea' id='block_1_1' title="bbox 357 146 937 217">
    <p class='ocr_par' dir='ltr' id='par_1_1' title="bbox 357 146 937 217">
     <span class='ocr_line' id='line_1_1' title="bbox 357 146 937 217; baseline -0.024 -12"><span class='ocrx_word' id='word_1_1' title='bbox 357 148 435 205; x_wconf 78' lang='lat' dir='ltr'>car.</span> <span class='ocrx_word' id='word_1_2' title='bbox 447 154 568 217; x_wconf 77' lang='lat' dir='ltr'>-11.-1v.,</span> <span class='ocrx_word' id='word_1_3' title='bbox 585 153 670 214; x_wconf 74' lang='lat' dir='ltr'>sr-s.</span> <span class='ocrx_word' id='word_1_4' title='bbox 905 146 937 206; x_wconf 68' lang='lat'>69</span> 
     </span>
    </p>
   </div>
   <div class='ocr_carea' id='block_1_2' title="bbox 92 255 949 3222">
    <p class='ocr_par' dir='ltr' id='par_1_2' title="bbox 94 255 937 418">
     <span class='ocr_line' id='line_1_2' title="bbox 94 255 937 336; baseline 0.001 -19"><span class='ocrx_word' id='word_1_5' title='bbox 94 259 152 318; x_wconf 89' lang='lat' dir='ltr'>tius</span> <span class='ocrx_word' id='word_1_6' title='bbox 166 258 303 336; x_wconf 92' lang='lat' dir='ltr'>opinione</span> <span class='ocrx_word' id='word_1_7' title='bbox 313 255 530 315; x_wconf 89' lang='lat' dir='ltr'>disseminatum</span> <span class='ocrx_word' id='word_1_8' title='bbox 544 263 587 315; x_wconf 90' lang='lat' dir='ltr'>est</span> <span class='ocrx_word' id='word_1_9' title='bbox 597 256 653 314; x_wconf 92' lang='lat' dir='ltr'>hoc</span> <span class='ocrx_word' id='word_1_10' title='bbox 662 255 788 319; x_wconf 84' lang='lat' dir='ltr'>malum·</span> <span class='ocrx_word' id='word_1_11' title='bbox 809 259 937 318; x_wconf 88' lang='lat' dir='ltr'>manavit</span> 
     </span>
     <span class='ocr_line' id='line_1_3' title="bbox 94 336 937 418; baseline 0.002 -21"><span class='ocrx_word' id='word_1_12' title='bbox 94 359 153 398; x_wconf 94' lang='lat' dir='ltr'>non</span> <span class='ocrx_word' id='word_1_13' title='bbox 163 339 255 396; x_wconf 91' lang='lat' dir='ltr'>solum</span> <span class='ocrx_word' id='word_1_14' title='bbox 264 357 316 415; x_wconf 86' lang='lat' dir='ltr'>per</span> <span class='ocrx_word' id='word_1_15' title='bbox 325 337 447 409; x_wconf 90' lang='lat' dir='ltr'>Italiam,</span> <span class='ocrx_word' id='word_1_16' title='bbox 454 356 553 395; x_wconf 87' lang='lat' dir='ltr'>verum</span> <span class='ocrx_word' id='word_1_17' title='bbox 564 336 652 395; x_wconf 90' lang='lat' dir='ltr'>etiam</span> <span class='ocrx_word' id='word_1_18' title='bbox 661 337 838 397; x_wconf 81' lang='lat' dir='ltr'><strong>transcendit</strong></span> <span class='ocrx_word' id='word_1_19' title='bbox 846 339 937 418; x_wconf 81' lang='lat' dir='ltr'>Alpes</span> 
     </span>
    </p>

    <p class='ocr_par' dir='ltr' id='par_1_3' title="bbox 93 417 935 719">
     <span class='ocr_line' id='line_1_4' title="bbox 94 417 933 498; baseline 0.003 -21.112"><span class='ocrx_word' id='word_1_20' title='bbox 94 420 257 477; x_wconf 88' lang='lat' dir='ltr'>etobscure</span> <span class='ocrx_word' id='word_1_21' title='bbox 274 437 389 495; x_wconf 86' lang='lat' dir='ltr'>serpens</span> <span class='ocrx_word' id='word_1_22' title='bbox 404 417 530 474; x_wconf 90' lang='lat' dir='ltr'>multas</span> <span class='ocrx_word' id='word_1_23' title='bbox 523 436 579 474; x_wconf 91' lang='lat' dir='ltr'>ram</span> <span class='ocrx_word' id='word_1_24' title='bbox 597 418 758 494; x_wconf 87' lang='lat' dir='ltr'>provincias</span> <span class='ocrx_word' id='word_1_25' title='bbox 775 421 933 498; x_wconf 90' lang='lat' dir='ltr'>occupavit.</span> 
     </span>
     <span class='ocr_line' id='line_1_5' title="bbox 94 497 935 578; baseline 0.002 -21"><span class='ocrx_word' id='word_1_26' title='bbox 94 500 130 557; x_wconf 93' lang='lat' dir='ltr'>Id</span> <span class='ocrx_word' id='word_1_27' title='bbox 151 499 276 577; x_wconf 84' lang='lat' dir='ltr'>opprimi</span> <span class='ocrx_word' id='word_1_28' title='bbox 298 497 483 555; x_wconf 88' lang='lat' dir='ltr'>sustentando</span> <span class='ocrx_word' id='word_1_29' title='bbox 508 503 538 555; x_wconf 89' lang='lat' dir='ltr'>et</span> <span class='ocrx_word' id='word_1_30' title='bbox 557 497 651 575; x_wconf 91' lang='lat' dir='ltr'>prolat</span> <span class='ocrx_word' id='word_1_31' title='bbox 639 498 728 556; x_wconf 90' lang='lat' dir='ltr'>tando</span> <span class='ocrx_word' id='word_1_32' title='bbox 749 500 828 558; x_wconf 92' lang='lat' dir='ltr'>nullo</span> <span class='ocrx_word' id='word_1_33' title='bbox 849 508 935 578; x_wconf 87' lang='lat' dir='ltr'>pacto</span> 
     </span>
     <span class='ocr_line' id='line_1_6' title="bbox 94 577 936 659; baseline 0.002 -21"><span class='ocrx_word' id='word_1_34' title='bbox 94 587 206 659; x_wconf 87' lang='lat' dir='ltr'>potest:</span> <span class='ocrx_word' id='word_1_35' title='bbox 226 597 404 657; x_wconf 90' lang='lat' dir='ltr'>quacumque</span> <span class='ocrx_word' id='word_1_36' title='bbox 415 577 524 635; x_wconf 89' lang='lat' dir='ltr'>ratione</span> <span class='ocrx_word' id='word_1_37' title='bbox 535 577 636 654; x_wconf 88' lang='lat' dir='ltr'>placet,</span> <span class='ocrx_word' id='word_1_38' title='bbox 647 578 775 638; x_wconf 70' lang='lat' dir='ltr'>celeriter</span> <span class='ocrx_word' id='word_1_39' title='bbox 785 581 902 639; x_wconf 91' lang='lat' dir='ltr'>vobis</span> <span class='ocrx_word' id='word_1_40' title='bbox 876 601 936 640; x_wconf 87' lang='lat' dir='ltr'>vrn-</span> 
     </span>
     <span class='ocr_line' id='line_1_7' title="bbox 93 660 313 719; baseline -0.005 -1"><span class='ocrx_word' id='word_1_41' title='bbox 93 660 249 719; x_wconf 89' lang='lat' dir='ltr'>dicandum</span> <span class='ocrx_word' id='word_1_42' title='bbox 263 667 313 717; x_wconf 81' lang='lat' dir='ltr'>est</span> 
     </span>
    </p>

    <p class='ocr_par' dir='ltr' id='par_1_4' title="bbox 92 737 949 3217">
     <span class='ocr_line' id='line_1_8' title="bbox 134 737 934 813; baseline 0.001 -14"><span class='ocrx_word' id='word_1_43' title='bbox 134 741 185 799; x_wconf 92' lang='lat' dir='ltr'>IV.</span> <span class='ocrx_word' id='word_1_44' title='bbox 223 739 249 798; x_wconf 79' lang='lat' dir='ltr'>l.</span> <span class='ocrx_word' id='word_1_45' title='bbox 264 739 360 798; x_wconf 85' lang='lat' dir='ltr'>Video</span> <span class='ocrx_word' id='word_1_46' title='bbox 381 737 474 796; x_wconf 87' lang='lat' dir='ltr'>adhuc</span> <span class='ocrx_word' id='word_1_47' title='bbox 495 737 566 796; x_wconf 91' lang='lat' dir='ltr'>duas</span> <span class='ocrx_word' id='word_1_48' title='bbox 587 757 648 797; x_wconf 90' lang='lat' dir='ltr'>esse</span> <span class='ocrx_word' id='word_1_49' title='bbox 668 741 831 813; x_wconf 86' lang='lat' dir='ltr'>sententias,</span> <span class='ocrx_word' id='word_1_50' title='bbox 847 761 934 800; x_wconf 88' lang='lat' dir='ltr'>unam</span> 
     </span>
     <span class='ocr_line' id='line_1_9' title="bbox 93 818 932 897; baseline 0 -19"><span class='ocrx_word' id='word_1_51' title='bbox 93 820 129 879; x_wconf 87' lang='lat' dir='ltr'>D.</span> <span class='ocrx_word' id='word_1_52' title='bbox 141 820 238 892; x_wconf 83' lang='lat' dir='ltr'>Silani,</span> <span class='ocrx_word' id='word_1_53' title='bbox 252 819 301 897; x_wconf 94' lang='lat' dir='ltr'>qui</span> <span class='ocrx_word' id='word_1_54' title='bbox 315 826 411 877; x_wconf 90' lang='lat' dir='ltr'>censet</span> <span class='ocrx_word' id='word_1_55' title='bbox 425 837 482 890; x_wconf 88' lang='lat' dir='ltr'>eos,</span> <span class='ocrx_word' id='word_1_56' title='bbox 493 818 543 896; x_wconf 91' lang='lat' dir='ltr'>qui</span> <span class='ocrx_word' id='word_1_57' title='bbox 556 818 627 877; x_wconf 90' lang='lat' dir='ltr'>haec</span> <span class='ocrx_word' id='word_1_58' title='bbox 641 819 733 878; x_wconf 90' lang='lat' dir='ltr'>delere</span> <span class='ocrx_word' id='word_1_59' title='bbox 748 822 844 878; x_wconf 90' lang='lat' dir='ltr'>conati</span> <span class='ocrx_word' id='word_1_60' title='bbox 858 827 932 894; x_wconf 87' lang='lat' dir='ltr'>sunt,</span> 
     </span>
     <span class='ocr_line' id='line_1_10' title="bbox 92 898 949 979; baseline 0.001 -21"><span class='ocrx_word' id='word_1_61' title='bbox 92 908 186 959; x_wconf 89' lang='lat' dir='ltr'>morte</span> <span class='ocrx_word' id='word_1_62' title='bbox 202 919 262 958; x_wconf 88' lang='lat' dir='ltr'>esse</span> <span class='ocrx_word' id='word_1_63' title='bbox 278 899 451 970; x_wconf 80' lang='lat' dir='ltr'><strong>multandos,</strong></span> <span class='ocrx_word' id='word_1_64' title='bbox 463 898 581 956; x_wconf 86' lang='lat' dir='ltr'>alteram</span> <span class='ocrx_word' id='word_1_65' title='bbox 598 898 630 958; x_wconf 79' lang='grc' dir='ltr'>Ο,</span> <span class='ocrx_word' id='word_1_66' title='bbox 644 900 779 973; x_wconf 81' lang='lat' dir='ltr'>Caesaris,</span> <span class='ocrx_word' id='word_1_67' title='bbox 793 901 842 979; x_wconf 89' lang='lat' dir='ltr'>qui</span> <span class='ocrx_word' id='word_1_68' title='bbox 859 920 949 959; x_wconf 78' lang='lat' dir='ltr'>mor·</span> 
     </span>
     <span class='ocr_line' id='line_1_11' title="bbox 92 980 933 1058; baseline 0.002 -20"><span class='ocrx_word' id='word_1_69' title='bbox 92 982 130 1039; x_wconf 88' lang='lat' dir='ltr'>tis</span> <span class='ocrx_word' id='word_1_70' title='bbox 147 1000 270 1057; x_wconf 88' lang='lat' dir='ltr'>poenam</span> <span class='ocrx_word' id='word_1_71' title='bbox 286 985 422 1050; x_wconf 87' lang='lat' dir='ltr'>removet,</span> <span class='ocrx_word' id='word_1_72' title='bbox 434 986 592 1037; x_wconf 88' lang='lat' dir='ltr'>ceterorum</span> <span class='ocrx_word' id='word_1_73' title='bbox 611 980 816 1058; x_wconf 79' lang='lat' dir='ltr'>suppliciorum</span> <span class='ocrx_word' id='word_1_74' title='bbox 834 1001 933 1040; x_wconf 90' lang='lat' dir='ltr'>omnes</span> 
     </span>
     <span class='ocr_line' id='line_1_12' title="bbox 92 1059 934 1140; baseline 0.001 -21"><span class='ocrx_word' id='word_1_75' title='bbox 92 1061 260 1119; x_wconf 65' lang='lat' dir='ltr'>acerbitates</span> <span class='ocrx_word' id='word_1_76' title='bbox 280 1059 469 1137; x_wconf 82' lang='lat' dir='ltr'>amplectitur.</span> <span class='ocrx_word' id='word_1_77' title='bbox 512 1059 643 1138; x_wconf 83' lang='lat' dir='ltr'>Uterque</span> <span class='ocrx_word' id='word_1_78' title='bbox 660 1067 688 1118; x_wconf 90' lang='lat' dir='ltr'>et</span> <span class='ocrx_word' id='word_1_79' title='bbox 705 1081 757 1138; x_wconf 91' lang='lat' dir='ltr'>pro</span> <span class='ocrx_word' id='word_1_80' title='bbox 774 1080 825 1118; x_wconf 89' lang='lat' dir='ltr'>sua</span> <span class='ocrx_word' id='word_1_81' title='bbox 841 1061 934 1140; x_wconf 90' lang='lat' dir='ltr'>digni·</span> 
     </span>
     <span class='ocr_line' id='line_1_13' title="bbox 92 1140 933 1218; baseline 0.001 -19"><span class='ocrx_word' id='word_1_82' title='bbox 92 1149 151 1199; x_wconf 90' lang='lat' dir='ltr'>tate</span> <span class='ocrx_word' id='word_1_83' title='bbox 168 1149 196 1200; x_wconf 92' lang='lat' dir='ltr'>et</span> <span class='ocrx_word' id='word_1_84' title='bbox 209 1160 262 1218; x_wconf 91' lang='lat' dir='ltr'>pro</span> <span class='ocrx_word' id='word_1_85' title='bbox 279 1160 374 1198; x_wconf 91' lang='lat' dir='ltr'>rerum</span> <span class='ocrx_word' id='word_1_86' title='bbox 392 1140 593 1218; x_wconf 83' lang='lat' dir='ltr'>magnitudine</span> <span class='ocrx_word' id='word_1_87' title='bbox 609 1141 639 1198; x_wconf 91' lang='lat' dir='ltr'>in</span> <span class='ocrx_word' id='word_1_88' title='bbox 657 1161 769 1198; x_wconf 89' lang='lat' dir='ltr'>summa</span> <span class='ocrx_word' id='word_1_89' title='bbox 784 1143 933 1200; x_wconf 87' lang='lat' dir='ltr'>severitate</span> 
     </span>
     <span class='ocr_line' id='line_1_14' title="bbox 92 1221 932 1299; baseline 0.001 -21"><span class='ocrx_word' id='word_1_90' title='bbox 92 1229 225 1280; x_wconf 90' lang='lat' dir='ltr'>versatur</span> <span class='ocrx_word' id='word_1_91' title='bbox 268 1221 320 1279; x_wconf 88' lang='lat' dir='ltr'>Alt</span> <span class='ocrx_word' id='word_1_92' title='bbox 308 1228 351 1279; x_wconf 88' lang='lat' dir='ltr'>ter</span> <span class='ocrx_word' id='word_1_93' title='bbox 372 1239 428 1292; x_wconf 89' lang='lat' dir='ltr'>eos,</span> <span class='ocrx_word' id='word_1_94' title='bbox 448 1222 497 1298; x_wconf 93' lang='lat' dir='ltr'>qui</span> <span class='ocrx_word' id='word_1_95' title='bbox 519 1239 573 1278; x_wconf 91' lang='lat' dir='ltr'>nos</span> <span class='ocrx_word' id='word_1_96' title='bbox 595 1240 701 1292; x_wconf 89' lang='lat' dir='ltr'>omnes,</span> <span class='ocrx_word' id='word_1_97' title='bbox 721 1222 770 1298; x_wconf 91' lang='lat' dir='ltr'>qui</span> <span class='ocrx_word' id='word_1_98' title='bbox 792 1222 932 1299; x_wconf 91' lang='lat' dir='ltr'>populum</span> 
     </span>
     <span class='ocr_line' id='line_1_15' title="bbox 92 1300 934 1379; baseline 0.001 -20"><span class='ocrx_word' id='word_1_99' title='bbox 92 1301 311 1359; x_wconf 87' lang='lat' dir='ltr'>Romanum&#39;t</span> <span class='ocrx_word' id='word_1_100' title='bbox 269 1308 311 1358; x_wconf 88' lang='lat' dir='ltr'>vrt</span> <span class='ocrx_word' id='word_1_101' title='bbox 312 1321 329 1358; x_wconf 93' lang='lat' dir='ltr'>a</span> <span class='ocrx_word' id='word_1_102' title='bbox 345 1300 456 1378; x_wconf 88' lang='lat' dir='ltr'>privare</span> <span class='ocrx_word' id='word_1_103' title='bbox 473 1301 569 1358; x_wconf 91' lang='lat' dir='ltr'>conati</span> <span class='ocrx_word' id='word_1_104' title='bbox 586 1308 660 1372; x_wconf 88' lang='lat' dir='ltr'>sunt,</span> <span class='ocrx_word' id='word_1_105' title='bbox 674 1319 723 1378; x_wconf 94' lang='lat' dir='ltr'>qu1</span> <span class='ocrx_word' id='word_1_106' title='bbox 714 1301 852 1359; x_wconf 84' lang='lat' dir='ltr'>“delere</span> <span class='ocrx_word' id='word_1_107' title='bbox 845 1322 934 1379; x_wconf 87' lang='lat' dir='ltr'>rmpe-</span> 
     </span>
     <span class='ocr_line' id='line_1_16' title="bbox 92 1381 934 1472; baseline 0 -33"><span class='ocrx_word' id='word_1_108' title='bbox 92 1382 176 1452; x_wconf 90' lang='lat' dir='ltr'>rium,</span> <span class='ocrx_word' id='word_1_109' title='bbox 189 1381 238 1458; x_wconf 92' lang='lat' dir='ltr'>qui</span> <span class='ocrx_word' id='word_1_110' title='bbox 257 1381 359 1472; x_wconf 83' lang='lat' dir='ltr'>populi</span> <span class='ocrx_word' id='word_1_111' title='bbox 375 1381 499 1438; x_wconf 87' lang='lat' dir='ltr'>Romani</span> <span class='ocrx_word' id='word_1_112' title='bbox 516 1400 621 1438; x_wconf 90' lang='lat' dir='ltr'>nornen</span> <span class='ocrx_word' id='word_1_113' title='bbox 643 1381 830 1458; x_wconf 84' lang='lat' dir='ltr'>exstinguere,</span> <span class='ocrx_word' id='word_1_114' title='bbox 846 1401 934 1459; x_wconf 90' lang='lat' dir='ltr'>punc·</span> 
     </span>
     <span class='ocr_line' id='line_1_17' title="bbox 92 1460 933 1538; baseline 0.004 -21"><span class='ocrx_word' id='word_1_115' title='bbox 92 1468 156 1518; x_wconf 92' lang='lat' dir='ltr'>tum</span> <span class='ocrx_word' id='word_1_116' title='bbox 170 1461 309 1536; x_wconf 90' lang='lat' dir='ltr'>temporis</span> <span class='ocrx_word' id='word_1_117' title='bbox 326 1460 439 1517; x_wconf 80' lang='lat' dir='ltr'>frui&#39;t</span> <span class='ocrx_word' id='word_1_118' title='bbox 398 1467 439 1518; x_wconf 86' lang='lat' dir='ltr'>vr</span> <span class='ocrx_word' id='word_1_119' title='bbox 441 1480 457 1516; x_wconf 89' lang='lat' dir='ltr'>a</span> <span class='ocrx_word' id='word_1_120' title='bbox 477 1467 506 1517; x_wconf 91' lang='lat' dir='ltr'>et</span> <span class='ocrx_word' id='word_1_121' title='bbox 522 1460 577 1517; x_wconf 89' lang='lat' dir='ltr'>hoc</span> <span class='ocrx_word' id='word_1_122' title='bbox 594 1461 741 1517; x_wconf 90' lang='lat' dir='ltr'>communi</span> <span class='ocrx_word' id='word_1_123' title='bbox 757 1461 860 1538; x_wconf 90' lang='lat' dir='ltr'>spiritu</span> <span class='ocrx_word' id='word_1_124' title='bbox 874 1481 933 1520; x_wconf 94' lang='lat' dir='ltr'>non</span> 
     </span>
     <span class='ocr_line' id='line_1_18' title="bbox 92 1540 934 1618; baseline 0.001 -21"><span class='ocrx_word' id='word_1_125' title='bbox 92 1560 133 1618; x_wconf 90' lang='lat' dir='ltr'>pu</span> <span class='ocrx_word' id='word_1_126' title='bbox 134 1547 177 1597; x_wconf 87' lang='lat' dir='ltr'>tat</span> <span class='ocrx_word' id='word_1_127' title='bbox 191 1547 330 1616; x_wconf 90' lang='lat' dir='ltr'>oportere,</span> <span class='ocrx_word' id='word_1_128' title='bbox 344 1547 428 1617; x_wconf 87' lang='lat' dir='ltr'>atque</span> <span class='ocrx_word' id='word_1_129' title='bbox 442 1540 498 1596; x_wconf 88' lang='lat' dir='ltr'>hoc</span> <span class='ocrx_word' id='word_1_130' title='bbox 507 1559 604 1615; x_wconf 90' lang='lat' dir='ltr'>genus</span> <span class='ocrx_word' id='word_1_131' title='bbox 617 1558 727 1616; x_wconf 87' lang='lat' dir='ltr'>poenae</span> <span class='ocrx_word' id='word_1_132' title='bbox 740 1560 824 1618; x_wconf 81' lang='lat' dir='ltr'>saepe</span> <span class='ocrx_word' id='word_1_133' title='bbox 837 1541 867 1598; x_wconf 93' lang='lat' dir='ltr'>in</span> <span class='ocrx_word' id='word_1_134' title='bbox 881 1542 934 1598; x_wconf 90' lang='lat' dir='ltr'>im·</span> 
     </span>
     <span class='ocr_line' id='line_1_19' title="bbox 93 1618 934 1697; baseline 0.002 -21"><span class='ocrx_word' id='word_1_135' title='bbox 93 1619 237 1697; x_wconf 90' lang='lat' dir='ltr'>probos</span> <span class='ocrx_word' id='word_1_136' title='bbox 213 1639 289 1678; x_wconf 80' lang='lat' dir='ltr'>cives</span> <span class='ocrx_word' id='word_1_137' title='bbox 302 1621 333 1676; x_wconf 91' lang='lat' dir='ltr'>in</span> <span class='ocrx_word' id='word_1_138' title='bbox 346 1619 400 1676; x_wconf 90' lang='lat' dir='ltr'>hae</span> <span class='ocrx_word' id='word_1_139' title='bbox 413 1638 443 1676; x_wconf 92' lang='lat' dir='ltr'>re</span> <span class='ocrx_word' id='word_1_140' title='bbox 457 1618 572 1696; x_wconf 89' lang='lat' dir='ltr'>publica</span> <span class='ocrx_word' id='word_1_141' title='bbox 588 1638 647 1677; x_wconf 89' lang='lat' dir='ltr'>esse</span> <span class='ocrx_word' id='word_1_142' title='bbox 661 1627 828 1696; x_wconf 91' lang='lat' dir='ltr'>usurpatum</span> <span class='ocrx_word' id='word_1_143' title='bbox 843 1640 934 1678; x_wconf 89' lang='lat' dir='ltr'>recor·</span> 
     </span>
     <span class='ocr_line' id='line_1_20' title="bbox 93 1699 934 1776; baseline 0.002 -19"><span class='ocrx_word' id='word_1_144' title='bbox 93 1701 184 1759; x_wconf 87' lang='lat' dir='ltr'>datur.</span> <span class='ocrx_word' id='word_1_145' title='bbox 227 1699 370 1758; x_wconf 86' lang='lat' dir='ltr'>Altert</span> <span class='ocrx_word' id='word_1_146' title='bbox 327 1719 357 1757; x_wconf 94' lang='lat' dir='ltr'>1n</span> <span class='ocrx_word' id='word_1_147' title='bbox 358 1699 463 1776; x_wconf 84' lang='lat' dir='ltr'>telligit</span> <span class='ocrx_word' id='word_1_148' title='bbox 476 1705 597 1756; x_wconf 90' lang='lat' dir='ltr'>mortem</span> <span class='ocrx_word' id='word_1_149' title='bbox 616 1699 651 1756; x_wconf 91' lang='lat' dir='ltr'>ab</span> <span class='ocrx_word' id='word_1_150' title='bbox 666 1699 711 1756; x_wconf 90' lang='lat' dir='ltr'>dis</span> <span class='ocrx_word' id='word_1_151' title='bbox 724 1700 934 1759; x_wconf 86' lang='lat' dir='ltr'>immortalibus</span> 
     </span>
     <span class='ocr_line' id='line_1_21' title="bbox 93 1779 934 1858; baseline 0.002 -21"><span class='ocrx_word' id='word_1_152' title='bbox 93 1800 152 1837; x_wconf 92' lang='lat' dir='ltr'>non</span> <span class='ocrx_word' id='word_1_153' title='bbox 169 1800 229 1838; x_wconf 90' lang='lat' dir='ltr'>esse</span> <span class='ocrx_word' id='word_1_154' title='bbox 246 1780 380 1858; x_wconf 89' lang='lat' dir='ltr'>supplicii</span> <span class='ocrx_word' id='word_1_155' title='bbox 401 1798 485 1837; x_wconf 88' lang='lat' dir='ltr'>cansa</span> <span class='ocrx_word' id='word_1_156' title='bbox 501 1779 695 1852; x_wconf 87' lang='lat' dir='ltr'>constitutam,</span> <span class='ocrx_word' id='word_1_157' title='bbox 708 1779 758 1837; x_wconf 89' lang='lat' dir='ltr'>sed</span> <span class='ocrx_word' id='word_1_158' title='bbox 774 1787 824 1838; x_wconf 89' lang='lat' dir='ltr'>aut</span> <span class='ocrx_word' id='word_1_159' title='bbox 840 1800 934 1839; x_wconf 78' lang='lat' dir='ltr'>neces</span> 
     </span>
     <span class='ocr_line' id='line_1_22' title="bbox 92 1859 931 1938; baseline 0.004 -20"><span class='ocrx_word' id='word_1_160' title='bbox 92 1860 207 1918; x_wconf 83' lang='lat' dir='ltr'>nitatem</span> <span class='ocrx_word' id='word_1_161' title='bbox 222 1867 339 1918; x_wconf 91' lang='lat' dir='ltr'>naturae</span> <span class='ocrx_word' id='word_1_162' title='bbox 352 1867 402 1917; x_wconf 90' lang='lat' dir='ltr'>aut</span> <span class='ocrx_word' id='word_1_163' title='bbox 415 1859 545 1916; x_wconf 91' lang='lat' dir='ltr'>laborum</span> <span class='ocrx_word' id='word_1_164' title='bbox 558 1878 591 1916; x_wconf 90' lang='lat' dir='ltr'>ac</span> <span class='ocrx_word' id='word_1_165' title='bbox 605 1860 783 1917; x_wconf 88' lang='lat' dir='ltr'>miseriarum</span> <span class='ocrx_word' id='word_1_166' title='bbox 798 1861 931 1938; x_wconf 82' lang='lat' dir='ltr'>quietem.</span> 
     </span>
     <span class='ocr_line' id='line_1_23' title="bbox 93 1939 933 2019; baseline 0.004 -22"><span class='ocrx_word' id='word_1_167' title='bbox 93 1940 195 2018; x_wconf 89' lang='lat' dir='ltr'>Itaque</span> <span class='ocrx_word' id='word_1_168' title='bbox 211 1960 273 1998; x_wconf 89' lang='lat' dir='ltr'>eam</span> <span class='ocrx_word' id='word_1_169' title='bbox 295 1940 437 2017; x_wconf 91' lang='lat' dir='ltr'>sapientes</span> <span class='ocrx_word' id='word_1_170' title='bbox 453 1958 611 2016; x_wconf 88' lang='lat' dir='ltr'>numquam</span> <span class='ocrx_word' id='word_1_171' title='bbox 631 1939 723 2012; x_wconf 89' lang='lat' dir='ltr'>inviti,</span> <span class='ocrx_word' id='word_1_172' title='bbox 740 1941 828 1998; x_wconf 82' lang='lat' dir='ltr'>fortes</span> <span class='ocrx_word' id='word_1_173' title='bbox 849 1960 933 2019; x_wconf 90' lang='lat' dir='ltr'>saepe</span> 
     </span>
     <span class='ocr_line' id='line_1_24' title="bbox 92 2019 934 2097; baseline 0 -19"><span class='ocrx_word' id='word_1_174' title='bbox 92 2022 180 2079; x_wconf 91' lang='lat' dir='ltr'>etiam</span> <span class='ocrx_word' id='word_1_175' title='bbox 194 2020 315 2078; x_wconf 86' lang='lat' dir='ltr'>libenter</span> <span class='ocrx_word' id='word_1_176' title='bbox 326 2020 534 2097; x_wconf 86' lang='lat' dir='ltr'>oppetiverunt.</span> <span class='ocrx_word' id='word_1_177' title='bbox 567 2019 692 2078; x_wconf 89' lang='lat' dir='ltr'>Vincula</span> <span class='ocrx_word' id='word_1_178' title='bbox 702 2039 768 2078; x_wconf 88' lang='lat' dir='ltr'>vero</span> <span class='ocrx_word' id='word_1_179' title='bbox 780 2027 809 2078; x_wconf 89' lang='lat' dir='ltr'>et</span> <span class='ocrx_word' id='word_1_180' title='bbox 819 2040 853 2080; x_wconf 87' lang='lat' dir='ltr'>ea</span> <span class='ocrx_word' id='word_1_181' title='bbox 863 2041 934 2079; x_wconf 91' lang='lat' dir='ltr'>sern-</span> 
     </span>
     <span class='ocr_line' id='line_1_25' title="bbox 92 2100 933 2178; baseline 0.001 -20"><span class='ocrx_word' id='word_1_182' title='bbox 92 2102 205 2178; x_wconf 87' lang='lat' dir='ltr'>piterna</span> <span class='ocrx_word' id='word_1_183' title='bbox 221 2107 297 2158; x_wconf 90' lang='lat' dir='ltr'>certe</span> <span class='ocrx_word' id='word_1_184' title='bbox 318 2101 355 2157; x_wconf 91' lang='lat' dir='ltr'>ad</span> <span class='ocrx_word' id='word_1_185' title='bbox 371 2100 543 2177; x_wconf 89' lang='lat' dir='ltr'>singularem</span> <span class='ocrx_word' id='word_1_186' title='bbox 559 2119 683 2177; x_wconf 88' lang='lat' dir='ltr'>poenam</span> <span class='ocrx_word' id='word_1_187' title='bbox 702 2101 804 2158; x_wconf 87' lang='lat' dir='ltr'>nefarii</span> <span class='ocrx_word' id='word_1_188' title='bbox 822 2101 933 2159; x_wconf 88' lang='lat' dir='ltr'>sceleris</span> 
     </span>
     <span class='ocr_line' id='line_1_26' title="bbox 92 2180 933 2257; baseline 0.002 -19"><span class='ocrx_word' id='word_1_189' title='bbox 92 2181 209 2239; x_wconf 89' lang='lat' dir='ltr'>inventa</span> <span class='ocrx_word' id='word_1_190' title='bbox 225 2188 299 2238; x_wconf 83' lang='lat' dir='ltr'>sunt</span> <span class='ocrx_word' id='word_1_191' title='bbox 342 2180 508 2257; x_wconf 89' lang='lat' dir='ltr'>Municipiis</span> <span class='ocrx_word' id='word_1_192' title='bbox 528 2180 672 2257; x_wconf 89' lang='lat' dir='ltr'>dispertiri</span> <span class='ocrx_word' id='word_1_193' title='bbox 688 2180 776 2239; x_wconf 90' lang='lat' dir='ltr'>iubet.</span> <span class='ocrx_word' id='word_1_194' title='bbox 819 2181 933 2240; x_wconf 82' lang='lat' dir='ltr'>Habere</span> 
     </span>
     <span class='ocr_line' id='line_1_27' title="bbox 93 2260 934 2338; baseline 0 -20"><span class='ocrx_word' id='word_1_195' title='bbox 93 2261 206 2318; x_wconf 83' lang='lat' dir='ltr'>videtur</span> <span class='ocrx_word' id='word_1_196' title='bbox 216 2261 270 2318; x_wconf 89' lang='lat' dir='ltr'>ista</span> <span class='ocrx_word' id='word_1_197' title='bbox 284 2280 328 2318; x_wconf 90' lang='lat' dir='ltr'>res</span> <span class='ocrx_word' id='word_1_198' title='bbox 341 2261 532 2337; x_wconf 88' lang='lat' dir='ltr'>iniquitatem,</span> <span class='ocrx_word' id='word_1_199' title='bbox 541 2261 566 2318; x_wconf 92' lang='lat' dir='ltr'>si</span> <span class='ocrx_word' id='word_1_200' title='bbox 579 2261 718 2338; x_wconf 89' lang='lat' dir='ltr'>imperare</span> <span class='ocrx_word' id='word_1_201' title='bbox 729 2262 806 2333; x_wconf 92' lang='lat' dir='ltr'>velis,</span> <span class='ocrx_word' id='word_1_202' title='bbox 816 2260 934 2320; x_wconf 89' lang='lat' dir='ltr'>difficul-</span> 
     </span>
     <span class='ocr_line' id='line_1_28' title="bbox 93 2340 931 2418; baseline 0.001 -20"><span class='ocrx_word' id='word_1_203' title='bbox 93 2347 191 2412; x_wconf 86' lang='lat' dir='ltr'>tatem,</span> <span class='ocrx_word' id='word_1_204' title='bbox 207 2341 230 2397; x_wconf 90' lang='lat' dir='ltr'>si</span> <span class='ocrx_word' id='word_1_205' title='bbox 251 2360 357 2417; x_wconf 87' lang='lat' dir='ltr'>rogare.</span> <span class='ocrx_word' id='word_1_206' title='bbox 399 2340 576 2398; x_wconf 88' lang='lat' dir='ltr'>Decernatur</span> <span class='ocrx_word' id='word_1_207' title='bbox 596 2348 701 2412; x_wconf 90' lang='lat' dir='ltr'>tamen,</span> <span class='ocrx_word' id='word_1_208' title='bbox 717 2341 741 2397; x_wconf 89' lang='lat' dir='ltr'>si</span> <span class='ocrx_word' id='word_1_209' title='bbox 762 2341 861 2418; x_wconf 85' lang='lat' dir='ltr'>placet</span> <span class='ocrx_word' id='word_1_210' title='bbox 906 2347 931 2399; x_wconf 90' lang='lat'>8.</span> 
     </span>
     <span class='ocr_line' id='line_1_29' title="bbox 94 2420 931 2498; baseline 0 -20"><span class='ocrx_word' id='word_1_211' title='bbox 94 2420 157 2497; x_wconf 82' lang='lat' dir='ltr'>Ego</span> <span class='ocrx_word' id='word_1_212' title='bbox 178 2421 255 2478; x_wconf 89' lang='lat' dir='ltr'>enirn</span> <span class='ocrx_word' id='word_1_213' title='bbox 276 2421 429 2496; x_wconf 86' lang='lat' dir='ltr'>suscipiam</span> <span class='ocrx_word' id='word_1_214' title='bbox 450 2426 486 2492; x_wconf 89' lang='lat' dir='ltr'>et,</span> <span class='ocrx_word' id='word_1_215' title='bbox 502 2427 535 2478; x_wconf 92' lang='lat' dir='ltr'>ut</span> <span class='ocrx_word' id='word_1_216' title='bbox 556 2440 646 2497; x_wconf 90' lang='lat' dir='ltr'>spero,</span> <span class='ocrx_word' id='word_1_217' title='bbox 662 2422 801 2497; x_wconf 86' lang='lat' dir='ltr'>reperiam</span> <span class='ocrx_word' id='word_1_218' title='bbox 823 2421 872 2498; x_wconf 94' lang='lat' dir='ltr'>qui</span> <span class='ocrx_word' id='word_1_219' title='bbox 892 2421 931 2493; x_wconf 90' lang='lat' dir='ltr'>id,</span> 
     </span>
     <span class='ocr_line' id='line_1_30' title="bbox 94 2500 934 2578; baseline 0.001 -21"><span class='ocrx_word' id='word_1_220' title='bbox 94 2501 173 2578; x_wconf 93' lang='lat' dir='ltr'>quod</span> <span class='ocrx_word' id='word_1_221' title='bbox 193 2500 292 2558; x_wconf 90' lang='lat' dir='ltr'>salutis</span> <span class='ocrx_word' id='word_1_222' title='bbox 313 2501 443 2557; x_wconf 89' lang='lat' dir='ltr'>omnium</span> <span class='ocrx_word' id='word_1_223' title='bbox 464 2519 548 2557; x_wconf 87' lang='lat' dir='ltr'>causa</span> <span class='ocrx_word' id='word_1_224' title='bbox 569 2501 732 2572; x_wconf 88' lang='lat' dir='ltr'>statueritis,</span> <span class='ocrx_word' id='word_1_225' title='bbox 750 2519 808 2557; x_wconf 93' lang='lat' dir='ltr'>non</span> <span class='ocrx_word' id='word_1_226' title='bbox 829 2507 934 2577; x_wconf 89' lang='lat' dir='ltr'>putent</span> 
     </span>
     <span class='ocr_line' id='line_1_31' title="bbox 94 2579 935 2716; baseline 0 -80"><span class='ocrx_word' id='word_1_227' title='bbox 94 2600 155 2638; x_wconf 89' lang='lat' dir='ltr'>esse</span> <span class='ocrx_word' id='word_1_228' title='bbox 169 2600 236 2638; x_wconf 89' lang='lat' dir='ltr'>suae</span> <span class='ocrx_word' id='word_1_229' title='bbox 250 2579 400 2658; x_wconf 83' lang='lat' dir='ltr'>dignitatis</span> <span class='ocrx_word' id='word_1_230' title='bbox 413 2600 548 2639; x_wconf 89' lang='lat' dir='ltr'>recusare.</span> <span class='ocrx_word' id='word_1_231' title='bbox 584 2579 728 2656; x_wconf 87' lang='lat' dir='ltr'>Adiungit</span> <span class='ocrx_word' id='word_1_232' title='bbox 741 2599 857 2656; x_wconf 90' lang='lat' dir='ltr'>gravem</span> <span class='ocrx_word' id='word_1_233' title='bbox 868 2598 935 2716; x_wconf 76' lang='lat' dir='ltr'>poc-</span> 
     </span>
     <span class='ocr_line' id='line_1_32' title="bbox 94 2660 934 2738; baseline 0.001 -23"><span class='ocrx_word' id='word_1_234' title='bbox 94 2679 161 2716; x_wconf 91' lang='lat' dir='ltr'>nam</span> <span class='ocrx_word' id='word_1_235' title='bbox 172 2660 373 2737; x_wconf 90' lang='lat' dir='ltr'>municipibus,</span> <span class='ocrx_word' id='word_1_236' title='bbox 386 2660 410 2717; x_wconf 85' lang='lat' dir='ltr'>si</span> <span class='ocrx_word' id='word_1_237' title='bbox 422 2660 485 2738; x_wconf 91' lang='lat' dir='ltr'>quis</span> <span class='ocrx_word' id='word_1_238' title='bbox 495 2679 594 2718; x_wconf 92' lang='lat' dir='ltr'>eorum</span> <span class='ocrx_word' id='word_1_239' title='bbox 605 2660 718 2716; x_wconf 88' lang='lat' dir='ltr'>vincula</span> <span class='ocrx_word' id='word_1_240' title='bbox 728 2660 852 2736; x_wconf 88' lang='lat' dir='ltr'>ruperit:</span> <span class='ocrx_word' id='word_1_241' title='bbox 892 2679 934 2716; x_wconf 90' lang='lat' dir='ltr'>or·</span> 
     </span>
     <span class='ocr_line' id='line_1_33' title="bbox 95 2739 935 2816; baseline 0 -20"><span class='ocrx_word' id='word_1_242' title='bbox 95 2739 191 2797; x_wconf 89' lang='lat' dir='ltr'>ribiles</span> <span class='ocrx_word' id='word_1_243' title='bbox 211 2740 355 2797; x_wconf 86' lang='lat' dir='ltr'>custodias</span> <span class='ocrx_word' id='word_1_244' title='bbox 376 2741 534 2797; x_wconf 89' lang='lat' dir='ltr'>circumdat</span> <span class='ocrx_word' id='word_1_245' title='bbox 549 2748 579 2797; x_wconf 91' lang='lat' dir='ltr'>et</span> <span class='ocrx_word' id='word_1_246' title='bbox 599 2739 701 2816; x_wconf 90' lang='lat' dir='ltr'>dignas</span> <span class='ocrx_word' id='word_1_247' title='bbox 721 2739 824 2797; x_wconf 86' lang='lat' dir='ltr'>scelere</span> <span class='ocrx_word' id='word_1_248' title='bbox 843 2740 935 2796; x_wconf 91' lang='lat' dir='ltr'>horni-</span> 
     </span>
     <span class='ocr_line' id='line_1_34' title="bbox 94 2819 933 2897; baseline 0.001 -22"><span class='ocrx_word' id='word_1_249' title='bbox 94 2838 164 2875; x_wconf 92' lang='lat' dir='ltr'>num</span> <span class='ocrx_word' id='word_1_250' title='bbox 176 2819 370 2896; x_wconf 89' lang='lat' dir='ltr'>perditorum:</span> <span class='ocrx_word' id='word_1_251' title='bbox 388 2820 478 2877; x_wconf 87' lang='lat' dir='ltr'>sancit</span> <span class='ocrx_word' id='word_1_252' title='bbox 488 2840 525 2877; x_wconf 92' lang='lat' dir='ltr'>ne</span> <span class='ocrx_word' id='word_1_253' title='bbox 537 2820 599 2897; x_wconf 91' lang='lat' dir='ltr'>quis</span> <span class='ocrx_word' id='word_1_254' title='bbox 610 2838 708 2876; x_wconf 92' lang='lat' dir='ltr'>eorum</span> <span class='ocrx_word' id='word_1_255' title='bbox 720 2839 851 2896; x_wconf 91' lang='lat' dir='ltr'>poenam,</span> <span class='ocrx_word' id='word_1_256' title='bbox 861 2838 933 2896; x_wconf 88' lang='lat' dir='ltr'>quos</span> 
     </span>
     <span class='ocr_line' id='line_1_35' title="bbox 94 2898 934 2976; baseline 0 -21"><span class='ocrx_word' id='word_1_257' title='bbox 94 2900 275 2970; x_wconf 88' lang='lat' dir='ltr'>condemnat,</span> <span class='ocrx_word' id='word_1_258' title='bbox 287 2905 337 2956; x_wconf 90' lang='lat' dir='ltr'>aut</span> <span class='ocrx_word' id='word_1_259' title='bbox 350 2919 401 2976; x_wconf 91' lang='lat' dir='ltr'>per</span> <span class='ocrx_word' id='word_1_260' title='bbox 415 2908 545 2956; x_wconf 90' lang='lat' dir='ltr'>senatum</span> <span class='ocrx_word' id='word_1_261' title='bbox 559 2906 608 2956; x_wconf 90' lang='lat' dir='ltr'>aut</span> <span class='ocrx_word' id='word_1_262' title='bbox 622 2919 673 2975; x_wconf 92' lang='lat' dir='ltr'>per</span> <span class='ocrx_word' id='word_1_263' title='bbox 686 2899 826 2976; x_wconf 91' lang='lat' dir='ltr'>populum</span> <span class='ocrx_word' id='word_1_264' title='bbox 842 2898 934 2975; x_wconf 90' lang='lat' dir='ltr'>possit</span> 
     </span>
     <span class='ocr_line' id='line_1_36' title="bbox 95 2977 934 3116; baseline 0 -82"><span class='ocrx_word' id='word_1_265' title='bbox 95 2977 203 3036; x_wconf 84' lang='lat' dir='ltr'>levare:</span> <span class='ocrx_word' id='word_1_266' title='bbox 226 2979 311 3053; x_wconf 88' lang='lat' dir='ltr'>eripit</span> <span class='ocrx_word' id='word_1_267' title='bbox 299 2980 410 3036; x_wconf 87' lang='lat' dir='ltr'>tetiam</span> <span class='ocrx_word' id='word_1_268' title='bbox 429 2999 518 3055; x_wconf 86' lang='lat' dir='ltr'>sporn,</span> <span class='ocrx_word' id='word_1_269' title='bbox 531 2999 624 3116; x_wconf 63' lang='lat' dir='ltr'>quaet.</span> <span class='ocrx_word' id='word_1_270' title='bbox 619 2979 679 3035; x_wconf 87' lang='lat' dir='ltr'>sola</span> <span class='ocrx_word' id='word_1_271' title='bbox 693 2979 824 3034; x_wconf 80' lang='lat' dir='ltr'>homines</span> <span class='ocrx_word' id='word_1_272' title='bbox 839 2980 866 3034; x_wconf 89' lang='lat' dir='ltr'>iu</span> <span class='ocrx_word' id='word_1_273' title='bbox 882 2979 934 3034; x_wconf 68' lang='lat' dir='ltr'>rniss</span> 
     </span>
     <span class='ocr_line' id='line_1_37' title="bbox 94 3057 932 3136; baseline 0.001 -21"><span class='ocrx_word' id='word_1_274' title='bbox 94 3060 175 3116; x_wconf 87' lang='lat' dir='ltr'>seriis</span> <span class='ocrx_word' id='word_1_275' title='bbox 186 3059 325 3117; x_wconf 87' lang='lat' dir='ltr'>consolari</span> <span class='ocrx_word' id='word_1_276' title='bbox 336 3059 424 3117; x_wconf 89' lang='lat' dir='ltr'>solet:</span> <span class='ocrx_word' id='word_1_277' title='bbox 448 3060 522 3116; x_wconf 89' lang='lat' dir='ltr'>bona</span> <span class='ocrx_word' id='word_1_278' title='bbox 532 3067 613 3136; x_wconf 88' lang='lat' dir='ltr'>praet</span> <span class='ocrx_word' id='word_1_279' title='bbox 614 3079 677 3116; x_wconf 91' lang='lat' dir='ltr'>erea</span> <span class='ocrx_word' id='word_1_280' title='bbox 686 3058 825 3135; x_wconf 87' lang='lat' dir='ltr'>publicari</span> <span class='ocrx_word' id='word_1_281' title='bbox 836 3057 932 3116; x_wconf 89' lang='lat' dir='ltr'>iubet·</span> 
     </span>
     <span class='ocr_line' id='line_1_38' title="bbox 94 3137 943 3222; baseline -0.004 -28"><span class='ocrx_word' id='word_1_282' title='bbox 94 3140 183 3197; x_wconf 88' lang='lat' dir='ltr'>vitam</span> <span class='ocrx_word' id='word_1_283' title='bbox 204 3139 294 3196; x_wconf 90' lang='lat' dir='ltr'>solam</span> <span class='ocrx_word' id='word_1_284' title='bbox 315 3139 450 3217; x_wconf 88' lang='lat' dir='ltr'>relinquit</span> <span class='ocrx_word' id='word_1_285' title='bbox 470 3139 587 3197; x_wconf 83' lang='lat' dir='ltr'>nefariis</span> <span class='ocrx_word' id='word_1_286' title='bbox 603 3138 785 3196; x_wconf 90' lang='lat' dir='ltr'>horninibus·</span> <span class='ocrx_word' id='word_1_287' title='bbox 807 3157 900 3222; x_wconf 74' lang='lat' dir='ltr'>quam</span> <span class='ocrx_word' id='word_1_288' title='bbox 909 3137 943 3191; x_wconf 72' lang='lat' dir='ltr'>si</span> 
     </span>
    </p>
   </div>
   <div class='ocr_carea' id='block_1_3' title="bbox 94 3211 970 3296">
    <p class='ocr_par' dir='ltr' id='par_1_5' title="bbox 94 3211 970 3296">
     <span class='ocr_line' id='line_1_39' title="bbox 94 3211 970 3296; baseline -0.026 -16"><span class='ocrx_word' id='word_1_289' title='bbox 94 3219 251 3296; x_wconf 85' lang='lat' dir='ltr'>eripuisset,</span> <span class='ocrx_word' id='word_1_290' title='bbox 262 3219 367 3279; x_wconf 86' lang='lat' dir='ltr'>multas</span> <span class='ocrx_word' id='word_1_291' title='bbox 381 3239 441 3280; x_wconf 93' lang='lat' dir='ltr'>uno</span> <span class='ocrx_word' id='word_1_292' title='bbox 456 3219 560 3292; x_wconf 74' lang='lat' dir='ltr'>dolore</span> <span class='ocrx_word' id='word_1_293' title='bbox 572 3219 771 3294; x_wconf 63' lang='lat' dir='ltr'>animalque</span> <span class='ocrx_word' id='word_1_294' title='bbox 782 3211 924 3283; x_wconf 53' lang='lat' dir='ltr'>corpores</span> <span class='ocrx_word' id='word_1_295' title='bbox 932 3213 970 3257; x_wconf 56' lang='lat' dir='ltr'>eu</span> 
     </span>
    </p>
   </div>
   <div class='ocr_carea' id='block_1_4' title="bbox 0 0 998 3480">
    <p class='ocr_par' dir='ltr' id='par_1_6' title="bbox 0 0 998 3480">
     <span class='ocr_line' id='line_1_40' title="bbox 0 0 998 3480; baseline 0 0"><span class='ocrx_word' id='word_1_296' title='bbox 0 0 998 3480; x_wconf 95' lang='lat' dir='ltr'> </span> 
     </span>
    </p>
   </div>
  </div>
 </body>
</html>
