1988 3480
297 136 375 186 cnr.
391 136 465 199 xm,
479 135 706 199 x111.‚§a‘.›-at.
879 141 922 186 ru

85 238 221 310 abiecisti,
233 246 266 296 tu
284 237 438 315 spoliatum
451 239 633 316 imaginibus,
646 238 795 316 exsequiis,
803 258 923 318 pompa,

85 319 257 388 laudatione,
275 317 479 374 infelicissimis
502 319 588 396 lignis
613 319 841 391 semiustilatum,
859 339 925 378 noc-

84 400 178 456 turnis
195 398 312 455 canibus
333 396 528 455 dilaniandum
549 399 696 476 reliquisti.
739 398 802 467 Qua
822 420 852 457 re
871 400 924 458 etsi

84 479 193 535 nefarie
209 478 313 549 fecisti,
325 485 430 549 tamen,
444 479 579 554 quoniam
595 479 625 534 in
647 498 712 536 meo
729 479 847 536 inimico
864 500 924 538 cru-

85 558 232 615 delitatem
255 558 457 634 exprompsisti
477 565 565 629 tuam,
580 557 694 615 laudare
717 578 776 615 non
796 579 921 636 possum,

84 639 167 695 irasci
182 644 256 694 certe
270 656 328 694 uon
344 637 442 695 debeo.

126 723 171 774 34.
186 711 341 790 [Audistis
351 718 464 788 iudices,
475 725 616 790 quantam
631 716 725 774 Clodii
739 716 823 796 inter]
836 719 923 776 fuerit

84 797 177 855 occidi
191 796 343 854 Milonem:
363 798 519 854 convertite
533 797 644 854 animos
658 817 734 854 nuuc
748 799 872 855 vicissim
887 799 924 856 ad

85 877 230 934 Milonem.
267 877 344 945 Quid
355 877 471 933 Milonis
485 878 620 934 intererat
633 877 754 935 interfici
769 878 923 936 Clodium?

85 955 161 1024 Quid
179 964 238 1014 erat
254 976 304 1014 our
318 957 389 1013 Milo
405 977 464 1014 non
481 957 574 1014 dicam
592 958 765 1028 admitteret,
778 959 828 1015 sed
844 965 923 1035 opta·

84 1036 326 1094 reti-Obstabat
342 1037 372 1093 in
391 1056 440 1113 spe
457 1038 621 1096 consulatus
635 1038 736 1095 Miloni
754 1038 922 1095 Clodius-

84 1114 125 1172 At
140 1135 174 1173 eo
188 1125 365 1192 repugnante
379 1115 473 1187 fiebat,
486 1118 576 1174 immo
591 1138 657 1175 vero
672 1138 706 1175 eo
721 1117 807 1175 fiebat
821 1118 920 1194 magis,

84 1215 135 1252 nec
155 1215 201 1253 me
220 1197 406 1273 suffragatore
423 1197 540 1255 meliore
557 1198 690 1255 utebatur
706 1217 792 1274 quam
809 1197 920 1254 Clodio

84 1275 206 1350 Valebat
223 1277 300 1352 apud
316 1296 375 1347 vos,
388 1277 504 1348 iudices,
517 1277 633 1334 Milonis
654 1296 721 1353 erga
741 1296 787 1333 me
806 1297 922 1353 remque
951 1299 957 1308 ·

84 1354 227 1431 publicam
255 1356 423 1413 meritorum
448 1358 593 1427 memoria,
613 1356 746 1413 valebant
770 1376 867 1432 preces
894 1364 923 1413 et

84 1434 216 1491 lacrimae
230 1443 351 1505 nostrae,
365 1436 468 1512 quibus
479 1455 533 1512 ego
544 1443 605 1492 tum
617 1455 668 1492 vos
682 1435 800 1492 mirifice
814 1437 923 1492 moveri

85 1513 250 1584 sentiebam,
266 1514 316 1571 sed
332 1516 397 1591 plus
418 1516 509 1572 multo
529 1515 641 1572 valebat
660 1514 851 1592 periculorum
872 1516 924 1571 im-

80 1593 272 1669 pendentium
289 1595 384 1651 timor.
427 1594 498 1662 Quis
512 1595 588 1651 enim
606 1602 665 1651 erat
680 1595 784 1651 civium
803 1596 851 1671 qui
869 1595 923 1653 sibi

86 1671 208 1729 solutam
223 1673 255 1730 P.
265 1672 360 1730 Clodii
374 1681 534 1750 praeturam
552 1675 612 1731 siue
626 1675 752 1730 maximo
766 1694 860 1732 rerum
875 1694 924 1731 no-

85 1772 183 1808 varum
199 1761 277 1810 metu
291 1756 482 1830 proponeret?
519 1753 647 1811 Solutam
662 1761 757 1811 autern
772 1755 834 1811 fore
848 1755 924 1811 vido

85 1832 167 1903 batis,
180 1834 235 1890 nisi
253 1840 326 1891 esset
340 1835 364 1890 is
378 1834 485 1904 consul,
499 1834 547 1910 qui
562 1853 624 1891 eam
641 1833 757 1892 auderet
770 1841 923 1911 possetque

86 1913 286 1990 constringere.
330 1914 403 1970 Eum
419 1914 556 1971 Milonem
573 1933 663 1970 unum
680 1933 740 1971 esse
757 1934 823 1971 cum
840 1915 923 1971 senti·

85 1999 129 2049 ret
146 1993 292 2050 universus
313 1993 437 2070 populus
453 1994 608 2065 Romanus,
622 1994 685 2072 quis
706 1994 850 2057 dubitaret
867 1995 924 2050 suf-

85 2072 179 2149 fragio
194 2092 246 2131 suo
263 2094 292 2130 se
309 2081 396 2144 metu,
409 2074 535 2150 periculo
552 2073 773 2153 rempublicam
788 2075 923 2132 liberaret

84 2152 128 2209 At
147 2173 231 2224 nuno,
244 2153 347 2210 Clodio
368 2161 487 2224 remoto
499 2155 613 2211 usitatis
633 2155 690 2211 iarn
712 2154 796 2211 rebus
817 2155 925 2211 eniten-

85 2232 154 2288 dum
173 2240 215 2289 est
230 2233 339 2303 Miloni,
352 2241 384 2290 ut
398 2241 512 2291 tueatur
525 2235 696 2310 dignitatem
711 2251 807 2290 suam:
830 2234 925 2310 singu-

86 2311 151 2367 laris
173 2311 221 2368 illa
243 2320 271 2369 et
292 2313 359 2370 huic
382 2314 431 2369 uni
452 2333 585 2371 concessa
605 2314 703 2390 gloria,
723 2333 794 2390 quae
819 2314 924 2370 cotidie

86 2390 243 2467 augebatur
256 2392 421 2468 frangendis
435 2394 580 2450 furoribus
595 2393 749 2463 Clodianis
760 2394 818 2449 iam
830 2393 924 2449 Clodii

86 2479 178 2527 morte
193 2472 302 2529 cecidit.
339 2472 401 2530 Vos
415 2472 511 2550 adepti
526 2474 601 2543 estis,
613 2493 649 2529 ne
664 2492 748 2549 quem
763 2473 854 2528 civem
867 2491 925 2528 mc-

86 2551 219 2608 tueretis:
242 2551 288 2608 hic
308 2552 539 2610 exercitationem
556 2553 677 2622 virtutis
690 2551 923 2627 suffragationem

87 2630 257 2701 consulatus,
270 2632 381 2688 fontem
402 2652 555 2709 perennem
576 2632 683 2708 gloriae
704 2651 770 2688 suac
789 2630 922 2707 perdidit.

88 2709 187 2786 Itaque
205 2710 320 2768 Milonis
341 2713 513 2783 consulatus,
526 2713 575 2788 qui
594 2712 658 2768 vivo
680 2711 784 2768 Clodio
805 2710 926 2767 labefac-

87 2790 141 2846 tari
158 2810 216 2846 non
237 2798 357 2867 poterat,
375 2799 489 2850 mortuo
511 2792 634 2868 denique
655 2792 789 2867 temptari
807 2798 925 2866 coeptus

88 2877 137 2926 cst.
174 2870 201 2926 N
204 2890 240 2926 on
255 2871 343 2928 modo
357 2872 446 2948 igitur
459 2872 531 2928 nihil
542 2871 666 2948 prodest,
679 2871 729 2927 sed
743 2870 824 2927 obest
838 2870 925 2926 etiam

88 2949 120 3006 P.
134 2949 229 3006 Clodii
250 2970 326 3011 mors
347 2951 456 3008 Miloni.
500 2959 545 3010 35.
560 2950 603 3007 At
624 2951 712 3007 valuit
733 2951 840 3017 odium,
856 2949 926 3006 fecit

88 3029 183 3100 iratus
196 3031 266 3087 fecit
280 3031 421 3101 inimicus,
433 3031 490 3088 fuit
504 3031 581 3087 ultor
594 3030 720 3098 iniuriae,
731 3030 864 3105 poenitor
878 3029 926 3085 do·

88 3108 155 3165 loris
174 3111 225 3166 sui.
268 3110 363 3178 Quid?
384 3111 407 3166 si
426 3110 495 3167 haec
515 3130 573 3167 non
595 3110 660 3166 dico
681 3110 796 3165 maiora
810 3109 942 3162 fusim

87 3187 118 3246 iu
133 3188 235 3247 Clodio
250 3209 335 3269 quam
351 3191 381 3249 in
396 3189 519 3264 Milone,
532 3189 637 3250 sedin
649 3188 707 3247 'ibo
718 3175 970 3245 institunt,mxxix
