1988 3480
297 111 376 160 CAP.
393 109 574 170 :rx-xxia,
591 109 605 168 ἓ
623 111 713 159 53-59.
783 114 787 118 ’
882 112 929 158 159

91 208 217 267 abiecto:
240 209 312 267 adde
326 210 469 266 inscitiam
484 209 587 286 pransi,
598 210 670 286 poti,
681 209 829 267 oscitantis
839 209 928 280 ducis,

92 290 217 366 quicum
231 310 248 346 a
261 297 343 366 tergo
357 289 470 346 hostem
481 289 666 347 interclusum
680 289 847 366 reliquisset,
858 289 929 346 nihil

92 369 127 427 de
142 370 202 426 eius
213 369 346 426 extremis
357 369 510 426 comitibus
521 369 667 446 cogitavit,
676 370 706 425 in
718 389 789 446 quos
800 369 929 426 incensos

90 449 133 505 ira
147 449 291 524 vitamque
302 449 414 505 domini
424 449 605 525 desperantes
620 468 685 505 curn
700 449 854 520 incidisset,
866 449 930 506 hae-

91 529 173 584 sitin
189 529 224 584 iis
241 529 349 604 poenis,
362 537 431 605 quas
447 528 483 585 ab
501 548 534 586 eo
552 529 624 585 servi
638 528 736 585 fideles
752 548 804 604 pro
819 529 930 586 domini
985 538 990 547 “

90 609 151 664 vita
167 608 372 684 expetiverunt.
416 607 461 665 57.
478 607 537 665 Cur
553 608 642 684 igitur
658 628 707 665 eos
727 627 814 664 manu
834 609 930 666 misit?

91 687 239 744 Metuebat
253 687 360 744 scilicet
374 707 409 745 ne
423 688 603 759 indicaretur,
614 707 650 744 ne
664 688 792 744 dolorem
807 688 931 764 perferre

91 787 149 824 non
163 774 288 844 possent,
301 787 337 824 ne
351 768 501 824 tormentis
515 775 684 845 cogerentur
699 767 823 825 occisum
841 787 901 824 esse
914 787 932 824 a

91 849 179 904 servis
201 847 317 904 Milonis
339 847 369 903 in
393 846 491 924 Appia
516 847 561 903 iia
584 847 617 904 P.
634 847 769 904 Clodium
793 846 929 903 confiteri.

92 927 169 994 Quid
184 947 256 1004 opus
273 935 316 985 est
330 929 456 985 tortore?
478 927 547 1004 quid
562 927 691 1005 quaeris?
732 927 931 985 Occideritnel

92 1007 206 1065 oceidit.
249 1007 314 1064 lure
335 1027 371 1064 an
392 1007 513 1065 iniurial
534 1007 606 1064 nihil
626 1008 663 1064 ad
679 1014 835 1065 tortorem:
860 1006 931 1064 facti

92 1081 212 1144 enimin
228 1087 325 1145 eculeo
340 1088 469 1164 quaestio
487 1095 537 1158 est,
550 1087 619 1144 iuris
633 1088 664 1144 in
679 1087 793 1145 iudicio.
830 1087 929 1145 XXII.

92 1166 177 1235 Quod
188 1168 277 1244 igitur
286 1168 317 1224 in
332 1187 416 1225 causa
427 1169 620 1244 quaerendum
632 1174 682 1239 est,
692 1168 724 1225 id
735 1187 852 1244 agamus
866 1168 931 1225 hic:

93 1247 171 1323 quod
184 1248 335 1304 tormentis
349 1248 476 1304 invenire
491 1248 541 1319 vis,
552 1248 584 1304 id
597 1248 729 1304 fatemur.
765 1248 854 1304 Manu
865 1267 931 1304 vero

92 1346 142 1383 cur
153 1327 269 1397 miserit,
281 1327 304 1383 si
318 1327 349 1385 id
360 1328 458 1403 potius
473 1328 592 1404 quaeris,
603 1347 688 1403 quam
703 1347 753 1384 cur
763 1346 863 1403 parum
875 1347 932 1383 am-

92 1406 147 1483 plis
165 1406 302 1462 adfecerit
319 1407 461 1482 praemiis,
474 1407 566 1463 nescis
583 1407 692 1463 inimici
710 1407 820 1464 factum
841 1425 932 1483 repre-

93 1485 224 1542 hendere.
258 1492 304 1542 58.
317 1485 400 1542 Dixit
411 1487 488 1543 enim
498 1486 545 1543 hic
557 1486 642 1557 idern,
653 1487 702 1562 qui
714 1487 811 1543 omnia
822 1505 933 1563 semper

93 1572 257 1622 constanter
271 1572 300 1622 et
313 1565 435 1635 fortiter,
447 1565 485 1622 M.
498 1565 580 1635 Oete,
593 1573 622 1623 et
636 1567 709 1623 dixit
723 1567 753 1622 in
768 1565 933 1624 turbulenta

93 1645 236 1715 contione,
250 1664 321 1721 quae
339 1652 436 1701 tamen
455 1645 540 1702 huius
561 1646 729 1703 auctoritate
749 1646 860 1722 placata
880 1653 930 1716 est,

93 1744 152 1781 non
178 1725 307 1782 libertate
335 1724 435 1795 solum,
454 1725 504 1782 sed
528 1725 614 1782 etiam
642 1725 775 1782 omnibus
799 1725 932 1801 praemiis

34 1823 36 1826 ’
94 1805 278 1882 dignissimos
302 1805 398 1874 fuisse,
415 1805 464 1882 qui
486 1805 597 1861 domini
621 1812 707 1881 eaput
727 1805 930 1862 defendissent.

94 1884 179 1953 Quod
196 1885 272 1942 enirn
289 1885 449 1962 praemium
467 1885 535 1942 satis
556 1904 693 1962 magnum
713 1892 755 1942 est
771 1892 831 1942 tam
848 1884 932 1942 bene·

93 1964 173 2036 volis,
188 1972 248 2022 tam
269 1964 361 2035 bonis,
377 1971 437 2021 tam
458 1964 590 2022 fidelibus
612 1965 706 2035 servis,
722 1971 840 2042 propter
861 1984 932 2042 quos

93 2045 182 2103 vivitl
222 2045 285 2102 Etsi
307 2045 338 2101 id
360 2045 477 2121 quidem
497 2064 556 2102 non
579 2045 652 2102 tanti
677 2052 728 2115 est,
747 2064 832 2122 quam
855 2045 932 2122 quod

92 2132 210 2202 propter
224 2125 340 2182 eosdem
354 2144 413 2181 non
428 2125 566 2201 sanguino
580 2132 609 2182 et
623 2124 786 2182 vulneribus
801 2125 858 2181 suis
872 2144 933 2181 cru·

93 2205 231 2262 delissimi
247 2205 357 2261 inimici
374 2211 501 2261 mentem
518 2204 672 2281 oculosque
689 2205 809 2262 satiavit.
853 2203 932 2272 Quos

94 2284 148 2339 nisi
163 2304 250 2340 manu
263 2285 396 2353 misisset,
408 2284 559 2341 tormentis
576 2285 663 2340 etiam
677 2284 801 2341 dedendi
815 2282 932 2341 luerunt

94 2371 305 2420 conservatores
322 2363 441 2434 domini,
454 2363 560 2420 ultores
577 2363 696 2433 sceleris,
709 2363 872 2420 defensores
886 2383 933 2420 ne-

95 2441 142 2498 cis.
186 2442 243 2498 Hic
261 2461 326 2499 vero
343 2442 416 2499 nihil
430 2442 516 2500 habet
533 2443 562 2498 in
579 2442 624 2498 his
643 2442 725 2498 malis
743 2442 821 2519 quod
838 2443 933 2498 minus

94 2520 214 2578 moleste
231 2522 312 2593 ferat,
326 2542 420 2598 quarn,
433 2523 520 2579 etiam
539 2522 563 2578 si
581 2521 650 2598 quid
669 2522 725 2597 ipsi
742 2522 860 2591 aecidat,
873 2541 933 2578 osse

95 2606 191 2656 tamen
207 2600 261 2657 illis
275 2603 408 2658 meritum
420 2602 580 2678 praemium
594 2601 778 2677 persolutum.
817 2607 862 2658 59.
876 2601 933 2659 Sed

96 2680 275 2754 quaestiones
289 2688 392 2757 urgent
403 2681 549 2750 Milonem,
563 2700 634 2757 quae
649 2688 715 2736 sunt
729 2680 842 2737 habitae
857 2700 932 2738 nunc

96 2758 124 2813 in
140 2760 212 2815 atrio
224 2759 383 2817 Libertatis.
420 2759 598 2828 Quibusnam
610 2760 645 2816 de
657 2761 761 2816 scrvisl
779 2762 880 2836 rogas?
897 2761 933 2817 de

95 2837 127 2894 P:
140 2838 241 2895 Clodii.
259 2886 260 2889 ,
281 2840 351 2907 Quis
368 2859 417 2896 cos
433 2839 606 2916 postulavit?
627 2839 748 2916 Appius
785 2839 856 2908 Quis
870 2860 934 2916 pro-

63 2963 65 2968 .
96 2918 197 2974 duxitl
214 2918 335 2994 Appius.
375 2919 480 2977 Undel
502 2919 537 2976 ab
552 2919 659 2994 Appio.
698 2918 739 2975 Di
755 2919 840 2977 boni!
863 2920 934 2996 quid

95 3005 190 3074 potest
207 2999 254 3074 agi
272 2998 412 3056 severius?
452 2998 498 3055 De
515 2999 602 3055 servis
622 2998 700 3055 nulla
720 2998 782 3075 lege
804 3000 932 3075 quaestio

95 3084 137 3134 est
155 3078 183 3134 in
201 3077 352 3134 dominum
369 3077 425 3135 nisi
440 3078 475 3135 de
492 3078 610 3148 incestu,
623 3085 655 3135 ut
669 3078 727 3134 fuit
743 3079 773 3135 in
788 3077 936 3136 Clodium,

95 3155 229 3213 Proxime
250 3158 319 3214 deos
340 3158 459 3215 accessit
479 3157 613 3230 Clodius,
621 3159 751 3235 propius
770 3174 867 3231 opum
876 3159 965 3210 ‘oms
