1988 3480
71 120 120 168 eos
220 116 290 166 eno
307 113 403 165 meon
419 114 604 166 nnrounao
620 82 769 166 esame.

71 217 234 276 auctoritati
251 236 299 273 rex
314 215 468 273 Deiotarus
485 216 577 286 cessit,
589 233 674 293 quem
688 233 744 272 nos
759 235 870 274 ornnes
887 235 926 275 se·

71 299 130 355 euti
148 316 245 353 sumus
263 315 270 353 :
292 295 328 353 ad
343 315 428 372 quem
443 315 507 352 eum
523 295 553 352 di
567 303 652 373 atque
665 294 805 353 homines
824 299 925 355 omnia

72 383 239 434 ornamenta
266 376 482 451 congessissent,
503 382 565 432 tum
589 382 622 431 tu
646 375 708 452 ipse
732 375 868 452 plurima
895 385 924 435 et

72 456 203 514 inusima
247 455 348 532 Neque
362 456 447 525 enim,
463 455 487 510 si
502 461 567 511 tuae
581 473 625 511 res
641 462 739 531 gestae
753 459 923 515 ceterorum

71 535 203 592 laudibus
228 534 430 592 obscuritatem
453 535 617 604 attulerunt,
633 534 741 592 ideireo
762 535 925 594 Cn.Pom-

72 616 129 693 peii
150 615 318 673 memoriam
343 615 498 672 amisimus.
541 613 687 682 Quantum
707 633 820 672 nomen
842 616 923 674 illius

71 696 167 766 fuerit,
179 703 300 772 quantae
315 713 391 771 opes,
403 700 509 770 quanta
523 693 552 749 in
567 694 646 750 omni
657 712 761 770 genere
772 694 921 754 bellorum

71 775 170 852 gloria,
182 775 282 851 quanti
292 773 414 831 honores
424 773 524 850 populi
534 773 665 843 Romani,
676 773 777 850 quanti
789 783 920 847 senatus,

72 855 171 931 quanti
186 855 230 910 tui
245 854 308 930 quis
326 854 457 930 ignorati
497 853 591 910 Tanto
606 853 653 909 ille
667 853 832 928 superiores
846 856 923 913 viee·

71 940 115 990 rat
136 933 235 1007 gloria,
248 941 356 1008 quanto
380 940 412 989 tu
437 932 571 990 omnibus
591 932 767 1010 praestitisti.
813 933 921 1012 Itaque

72 1011 123 1068 Cn.
140 1012 273 1088 Pompeii
302 1011 383 1082 bella,
400 1012 541 1084 victorias,
558 1011 728 1090 triumphos,
747 1014 921 1072 consulatus

71 1092 244 1148 admirantes
261 1091 494 1149 numerabamus:
516 1099 582 1149 tuos
597 1109 761 1149 enumerare
775 1111 837 1150 non
853 1113 922 1171 pos-

72 1191 177 1228 sumus.
220 1170 256 1229 V.
291 1176 335 1228 13.
351 1171 400 1228 Ad
418 1191 483 1228 eum
500 1172 589 1248 igitur
602 1191 650 1228 rex
664 1171 821 1228 Deiotarus
836 1175 920 1232 venit
960 1212 974 1247 ,=

71 1251 127 1308 hoe
143 1251 248 1308 misero
261 1250 400 1329 fatalique
413 1251 496 1323 bello,
510 1271 594 1329 quem
609 1259 693 1309 antea
705 1251 789 1308 iustis
802 1252 921 1311 hostili-

71 1331 182 1409 busque
203 1331 285 1388 bellis
304 1330 459 1402 adiuvaret,
476 1351 599 1408 quocum
624 1339 683 1388 erat
704 1350 762 1387 non
783 1331 919 1410 hospitio

72 1412 173 1483 solum,
184 1431 281 1468 verum
298 1412 385 1469 etiam
399 1411 592 1468 familiaritate
606 1412 783 1482 coniunctus,
794 1418 824 1468 et
835 1414 920 1472 venit

71 1492 116 1549 vel
137 1499 253 1568 rogatus
275 1498 307 1548 ut
327 1491 443 1562 amicus
458 1491 502 1548 vel
524 1491 672 1548 arcessitus
696 1496 729 1547 ut
749 1491 855 1562 socius,
872 1493 919 1555 vel

72 1578 205 1629 evocatus
221 1579 254 1628 ut
270 1571 303 1642 is,
316 1572 365 1649 qui
382 1571 493 1628 senatui
505 1590 603 1648 parere
620 1570 782 1628 didicisset:
804 1578 920 1648 postre-

72 1670 121 1707 mo
137 1651 216 1708 venit
233 1651 270 1707 ad
286 1651 455 1728 fugientem,
468 1670 526 1708 non
547 1651 584 1707 ad
600 1651 806 1727 insequentem,
818 1651 852 1708 id
873 1660 919 1715 est

72 1731 109 1787 ad
132 1730 259 1807 periculi,
281 1750 340 1788 non
367 1731 405 1788 ad
431 1731 566 1788 victoriae
594 1730 767 1787 societatem.
810 1730 918 1813 Itaque

72 1810 236 1867 Pharsalico
250 1811 361 1887 proelio
376 1811 454 1868 facto
471 1831 488 1868 a
504 1810 645 1886 Pompeio
662 1809 808 1867 discessit:
831 1830 844 1866 s
868 1832 917 1871 em

64 1889 213 1959 ,infinitam
232 1891 363 1966 persequi
380 1890 489 1947 noluit:
511 1885 558 1946 vel
569 1888 672 1960 officio,
683 1890 707 1946 si
724 1889 794 1966 quid
809 1830 918 1951 debue-

71 1977 123 2040 rat,
139 1969 183 2026 vel
206 1969 301 2038 errori,
320 1970 344 2025 si
368 1969 439 2045 quid
462 1969 608 2039 nescierat,
624 1971 692 2026 satis
716 1970 827 2026 factum
851 1989 916 2029 esse

72 2049 171 2105 duxit:
193 2048 313 2104 domum
328 2066 357 2104 se
371 2047 501 2118 eontulit,
513 2055 598 2125 teque
612 2049 840 2109 Alexandrinum
854 2049 917 2108 bel-

72 2128 132 2184 lum
153 2133 269 2203 gerente
287 2125 459 2183 utilitatibus
479 2128 537 2184 tuis
553 2129 656 2205 paruit.
701 2133 746 2186 14.
763 2128 814 2187 Ille
836 2148 917 2187 exer·

72 2207 161 2264 citum
172 2205 224 2263 Cn.
231 2205 362 2276 Domitii,
371 2204 540 2282 amplissimi
551 2208 612 2279 viri,
621 2208 680 2265 suis
687 2208 771 2265 tectis
782 2215 811 2266 et
819 2209 915 2286 eopiis

72 2285 257 2343 sustentavit:
280 2285 327 2343 ille
344 2285 492 2363 Ephesum
510 2287 547 2344 ad
564 2307 638 2358 eum,
651 2307 735 2365 quem
752 2295 785 2347 tu
801 2307 836 2344 ex
853 2290 915 2346 tuis

72 2365 269 2423 fidelissimum
284 2373 312 2423 et
322 2365 555 2443 probatissimum
571 2366 704 2423 omnibus
715 2367 854 2444 delegisti,
864 2387 915 2445 pe-

72 2445 186 2502 cuniam
197 2446 289 2504 misit:
307 2447 354 2503 ille
365 2447 477 2518 iterum,
485 2446 533 2504 ille
541 2447 626 2504 tertio
637 2446 817 2503 auctionibus
825 2447 914 2506 factis

73 2524 222 2602 pecuniam
239 2525 396 2603 deditque
413 2526 450 2584 ad
466 2527 573 2584 bellum
593 2533 718 2584 uterere:
744 2527 791 2583 ille
807 2546 912 2604 corpus

72 2623 155 2661 snum
167 2604 293 2680 periculo
308 2605 421 2676 obiecit,
433 2612 585 2683 tecumque
600 2606 630 2662 in
644 2606 703 2663 acie
714 2613 814 2662 contra
824 2605 914 2664 Phar-

72 2703 172 2741 naeem
185 2683 244 2742 fuit
254 2689 393 2762 tuumque
407 2685 519 2743 hostem
534 2705 593 2743 esse
608 2685 690 2744 duxit
704 2705 794 2742 suum.
831 2684 912 2753 Quae

73 2763 190 2841 quidem
207 2783 224 2820 a
239 2770 269 2821 te
285 2765 315 2821 in
333 2785 394 2822 eam
412 2773 522 2842 partem
537 2772 652 2842 accepta
668 2772 742 2836 sunt,
756 2764 866 2836 Caesar,
878 2773 913 2823 ut

73 2863 139 2900 eum
153 2843 329 2919 amplissimo
343 2846 418 2922 regis
433 2846 540 2901 honore
555 2851 584 2901 et
596 2845 713 2901 nomine
727 2845 872 2902 adfeceris.

115 2928 159 2979 15.
176 2921 204 2978 Is
218 2922 307 2999 igitur
320 2944 378 2981 non
392 2924 480 2981 modo
494 2931 553 2980 ate
567 2924 692 3001 periculo
706 2924 850 2995 liberatus,
861 2925 912 2983 sed

73 3002 160 3059 etiam
174 3001 283 3058 honore
297 3004 473 3080 amplissimo
490 3011 613 3075 ornatus,
626 3005 754 3081 arguitur
767 3005 868 3061 domui
881 3011 911 3062 te

73 3100 140 3138 suae
156 3081 313 3139 interficere
327 3083 465 3140 voluisse:
488 3084 566 3160 quod
580 3092 620 3154 tu,
632 3085 687 3141 nisi
702 3104 768 3141 eum
784 3085 912 3141 furiosis-

74 3161 177 3218 simum
203 3162 319 3232 iudioas,
338 3162 475 3240 suspicari
497 3163 629 3241 profecto
650 3183 710 3220 non
733 3171 825 3239 petes.
866 3163 912 3221 Ut
