1988 3480
283 517 327 580 Μ.
349 516 496 581 TULLII
523 515 757 579 CICERONIS

101 673 147 784 ,Ill
179 673 218 748 Μ.
240 672 472 749 ANTONIUAI
501 671 659 748 ORATIO
688 673 941 750 PHILIPPICA

455 795 601 870 PRIMA.

350 1089 690 1139 ARGUMENTUM.

133 1190 269 1239 Interfecto
281 1189 367 1236 Idibus
380 1189 455 1235 Mart.
467 1188 545 1250 [anno
556 1203 580 1249 p.
591 1203 614 1235 u.
626 1203 646 1236 c.
657 1186 728 1248 rra]
741 1188 768 1236 C.
777 1188 890 1250 Caesare,
901 1189 939 1240 M.

101 1256 236 1314 Antonius,
249 1254 343 1313 collega
355 1254 406 1300 eius
418 1253 443 1299 in
456 1253 594 1310 consulatu,
607 1252 654 1300 sibi
667 1261 789 1312 metuens,
800 1268 851 1301 non
862 1254 942 1304 solum

102 1335 132 1368 eo
146 1320 186 1367 die
198 1319 278 1376 latuit,
289 1333 375 1366 verum
389 1318 465 1365 etiarn
479 1319 544 1366 texit
559 1317 712 1379 aliquamdiu
728 1319 831 1366 consilia
844 1335 897 1379 sua,
909 1320 942 1368 si-

103 1385 239 1433 mulatione
253 1383 284 1430 ad
299 1393 397 1444 tempus
411 1383 607 1430 accommodata.
644 1383 768 1431 Postridie
782 1384 842 1432 Idus
856 1392 942 1432 actum

104 1457 141 1498 est
153 1464 210 1496 cum
222 1463 252 1495 eo
261 1449 292 1496 dc
304 1448 429 1496 communi
441 1448 574 1495 concordia
584 1463 627 1510 per
639 1449 779 1496 consulares
789 1451 869 1498 viros:
886 1460 942 1511 post

103 1515 169 1562 diem
187 1514 297 1572 tertium,
311 1513 354 1575 qui
371 1512 418 1560 fuit
434 1513 508 1561 XVI.
525 1514 582 1561 Kal.
597 1514 671 1575 Apu,
686 1515 712 1561 iu
732 1515 819 1561 aedem
836 1515 942 1563 Telluris

104 1587 238 1628 convocato
254 1587 341 1626 senatu
355 1578 391 1624 M.
400 1578 495 1637 Cicero,
507 1588 627 1640 quantum
641 1580 667 1626 in
681 1580 734 1641 ipso
747 1580 803 1639 fnit,
814 1580 872 1627 iecit
886 1581 942 1627 tiru-

104 1645 222 1693 damenta
240 1644 308 1705 pacis
329 1643 556 1705 discordiarumque
574 1644 720 1692 memoriam
741 1659 841 1692 omnem
860 1654 942 1693 vetere

104 1710 295 1758 Atheniensium
309 1708 424 1770 exemplo
438 1709 560 1757 oblivione
577 1710 727 1772 sempiterna
740 1709 871 1758 delendam
885 1725 942 1758 cen-

104 1777 161 1824 suit.
188 1775 244 1835 Quo
253 1775 293 1822 die
304 1775 429 1836 praeclare
441 1775 472 1823 de
484 1790 510 1823 re
523 1775 619 1836 publica
630 1775 726 1822 locutus
738 1775 872 1836 Antonius,
883 1791 942 1824 con·

104 1842 262 1904 sequentibus
271 1841 346 1888 etiam
354 1840 440 1888 diebus
449 1840 581 1887 non'dubia
589 1854 647 1888 suas
653 1840 787 1887 voluntatis
796 1850 943 1900 argumenta

104 1908 163 1955 dare
175 1908 239 1954 visus
252 1915 303 1954 est:
322 1906 398 1953 misso
411 1921 488 1967 parvo
500 1905 551 1953 filio
564 1905 632 1967 pacis
643 1905 729 1954 obside
740 1905 765 1952 in
777 1906 939 1967 Capitolium,

104 1974 132 2022 C.
141 1973 255 2022 Cassium
265 1972 324 2034 ipse,
336 1971 373 2020 M.
382 1973 489 2018 Brutum
501 1971 619 2032 Lepidus,
628 1971 741 2032 pontifex
755 1973 892 2032 maximus,
899 1972 942 2019 alii

103 2039 164 2087 alios
175 2055 208 2086 ex
220 2037 418 2086 interfectoribus
430 2037 551 2095 Caesaris,
563 2037 605 2099 qui
617 2045 673 2098 post
685 2038 738 2084 eius
751 2052 847 2097 necem,
857 2037 942 2098 populi

103 2114 128 2152 et
141 2104 247 2151 Antonii
260 2104 370 2150 maxime
384 2101 489 2149 consulis
503 2112 577 2161 metu,
589 2102 615 2148 in
628 2101 779 2163 Capitolium
793 2118 819 2149 se
832 2102 941 2150 contule·

67 2173 72 2181 '
104 2179 167 2226 rant,
179 2183 255 2216 cenae
266 2168 438 2214 adhibuerunt.
471 2166 520 2214 Sed
529 2167 612 2214 fictam
624 2181 755 2228 personam
767 2168 887 2215 sustinere
899 2168 943 2215 diu

104 2249 177 2281 nemo
191 2240 279 2295 potest.
314 2233 377 2280 Cum
393 2232 533 2289 Caesarem,
546 2247 699 2294 quamquam
713 2232 737 2278 iu
752 2231 829 2278 libera
843 2232 943 2297 civitate

105 2299 223 2358 singulari
234 2304 356 2359 potestate
368 2312 440 2343 usum
452 2297 537 2345 funere
548 2307 631 2344 tamen
644 2296 729 2350 efferri
736 2296 868 2358 placuisset
878 2314 884 2343 ι
899 2297 942 2358 qui

105 2365 160 2411 fons
176 2363 297 2410 malorum
314 2362 426 2409 omnium
443 2361 558 2408 fuit—sic
572 2362 638 2409 enim
652 2369 785 2423 tyranuum
803 2376 852 2409 non
867 2362 944 2410 fuisse

106 2428 267 2486 indicabatur,
285 2443 343 2474 nam
361 2435 522 2489 tyrannorum
541 2441 644 2487 corpora
662 2426 853 2488 proiieiebantur
871 2427 942 2473 inha-

106 2491 331 2541 mata—laudavit
348 2507 404 2539 eum
422 2491 453 2539 de
471 2507 539 2540 more
556 2492 592 2539 M.
603 2491 729 2539 Antonius
746 2491 771 2538 in
786 2492 853 2538 foro:
874 2508 943 2538 corn-

107 2557 296 2619 memoratisque
310 2557 382 2605 rebus
396 2557 427 2604 ab
439 2572 469 2605 eo
480 2557 555 2616 gestis
568 2556 734 2618 maximisque
745 2571 804 2616 erga
816 2571 867 2604 rem
882 2558 943 2618 pult-

106 2623 178 2669 licarn
193 2623 295 2681 meritis,
304 2623 431 2684 ,explicata
445 2623 544 2670 demum
559 2631 661 2670 eruenta
671 2631 747 2681 veste,
758 2622 784 2668 in
796 2637 845 2683 qua
858 2637 943 2668 caesus

106 2699 167 2747 erat,
182 2688 267 2735 multis
283 2689 419 2749 pugionum
436 2688 526 2736 ictibus
542 2688 659 2749 perfossa,
671 2688 792 2751 convertit
806 2687 943 2734 orationem
968 2739 972 2745 ,

106 2754 138 2799 ad
152 2753 335 2800 miserationem
348 2753 552 2810 commonendam
566 2753 733 2815 populumque
746 2753 795 2798 iam
809 2751 892 2799 dolore
905 2752 944 2798 in-

106 2833 209 2866 censum
222 2818 248 2864 in
261 2833 318 2866 eam
331 2818 485 2866 iracundiam
499 2817 656 2878 furoremque
670 2817 775 2878 impulit,
789 2827 815 2863 ut
829 2817 913 2864 statirn
928 2831 944 2864 a

107 2884 193 2931 innare
208 2883 239 2930 ad
254 2883 355 2931 domum
367 2884 441 2930 Bruti
453 2892 477 2930 et
489 2883 568 2930 Cassii
582 2881 746 2930 cum'sacibus
761 2882 941 2938 accucurrerit:

107 2949 172 2996 unde
184 2963 257 3008 aegre
271 2949 383 3010 repulsus
394 2955 438 2996 est.
472 2949 565 2995 Brutus
577 2955 601 2994 et
613 2947 720 3006 Cassius,
732 2946 809 2994 vitato
821 2945 944 3008 praesenti

106 3015 224 3077 periculo,
242 3015 381 3062 concitatae
401 3014 568 3062 multitudinis
588 3012 639 3059 vim
656 3013 778 3059 tImeutes
802 3012 964 3060 masalmam

106 3081 236 3142 perfidiam
253 3081 304 3129 iam
320 3080 381 3130 satis
399 3080 511 3144 experti,
526 3079 638 3128 Antium
654 3087 682 3126 et
697 3077 853 3139 intumus
871 3066 983 3113 satanae-
