1988 3480
91 115 140 162 264
168 113 207 163 IN
224 113 261 163 Μ.
276 111 467 162 ANTONIUM
486 111 619 160 ORATIO
636 110 852 160 PHILIPPICA
871 111 909 160 ΙΙ.

91 223 142 273 tua
151 214 237 291 fuga!
256 233 327 290 quae
338 212 464 269 formido
473 212 616 289 praeclaro
626 211 675 268 illo
684 211 745 269 die!
764 231 839 289 quae
851 231 941 290 prop

91 303 135 352 ter
151 294 353 351 conscientiam
372 292 507 349 scelerum
526 292 685 369 desperatio
700 292 791 348 vitae!
814 311 885 349 eum
903 313 939 350 ex

91 374 139 431 illa
155 374 225 450 fuga
246 372 383 430 beneficio
405 391 511 443 eorum,
525 373 573 448 qui
591 379 628 442 te,
641 372 665 428 si
684 391 767 428 sanus
785 391 872 442 esseS,
886 374 939 430 sal-

92 473 158 510 vum
176 472 235 510 esse
250 452 408 522 voluerunt,
421 451 494 508 clam
508 460 537 509 te
555 452 674 508 domum
691 450 842 527 recepisti!
889 459 936 512 89.

90 533 117 591 0
134 552 198 590 mea
218 532 324 589 frustra
345 551 457 608 semper
472 532 618 588 verissima
639 531 757 606 auguria
776 550 874 588 rerum
893 534 938 590 fu-

90 613 234 670 turarum!
274 611 415 668 Dicebam
437 611 492 667 illis
514 612 543 667 in
566 610 709 688 Capitolio
732 609 938 669 liberatoribus

90 693 203 763 nostris,
213 711 279 749 eum
293 711 339 748 me
354 690 391 748 ad
404 698 432 748 te
447 691 487 748 ire
498 690 610 760 vellent,
623 697 655 747 ut
669 690 706 747 ad
720 690 936 748 defendendam

90 792 149 830 rem
167 771 312 849 publicam
329 778 358 828 te
375 770 547 840 adlrortarer,
560 771 655 847 quoad
672 777 821 841 metueres,
835 772 938 828 omnia

90 860 119 909 te
139 852 362 928 promissurum:
388 850 472 906 simul
493 869 525 906 ac
546 851 646 906 timere
664 849 792 918 desisses,
809 850 935 908 similem

90 939 119 988 te
136 933 266 988 futurum
283 931 334 987 tui.
377 929 478 1006 Itaque
495 949 559 986 cnm
578 930 663 986 ceteri
682 929 844 986 consulares
859 930 935 989 irent

89 1011 222 1081 redirent,
234 1011 262 1066 in
278 1010 420 1067 sententia
433 1010 541 1066 mansi:
563 1028 655 1086 neque
669 1016 698 1066 te
713 1008 761 1065 illo
777 1009 824 1066 die
839 1029 934 1086 neque

77 1099 204 1167 'postero
220 1089 279 1146 vidi
295 1108 387 1165 neque
401 1089 488 1145 ullam
504 1090 669 1146 societatem
687 1089 806 1164 optimis
820 1089 934 1147 civibus

90 1190 156 1228 cum
176 1168 423 1246 importunissimo
445 1168 527 1226 hoste
550 1169 666 1226 foedere
688 1167 746 1225 nllo
767 1168 933 1226 confirmari

89 1269 173 1327 posse
187 1249 302 1307 credidi.
337 1248 408 1306 Post
419 1248 494 1305 diem
510 1249 626 1306 tertium
636 1249 701 1305 veni
715 1249 744 1304 in
759 1249 861 1305 aedem
871 1248 934 1306 Tel·

89 1330 159 1387 luris
179 1337 208 1386 et
231 1329 347 1406 quidem
369 1329 484 1399 invitus,
499 1347 565 1385 cum
588 1347 688 1384 omnes
712 1327 808 1384 aditus
828 1329 933 1386 armati

90 1409 261 1468 obsiderent.
298 1414 344 1466 90.
357 1407 413 1476 Qui
428 1408 481 1465 tibi
497 1408 557 1465 dies
571 1407 627 1478 ille,
639 1402 705 1484 [II]
720 1407 841 1478 Antoni,
854 1409 934 1467 fuitl

89 1489 270 1567 Quamquam
281 1488 352 1545 mihi
367 1488 500 1544 inimicus
514 1487 610 1544 subito
621 1487 764 1556 exstitisti,
774 1493 874 1544 tamen
886 1507 933 1546 me

89 1571 133 1627 tui
155 1570 279 1640 miseret,
292 1568 371 1646 quod
392 1567 446 1624 tibi
470 1567 612 1624 invideris.
655 1566 800 1626 XXXVI.
819 1565 878 1635 Qui
899 1575 933 1624 tu

88 1651 140 1720 vir,
152 1651 183 1707 di
200 1648 392 1708 immortales!
413 1654 442 1705 et
463 1655 586 1724 quantus
606 1647 718 1717 fuisses
734 1646 758 1703 si
778 1646 857 1704 illius
874 1647 933 1705 diei

88 1737 215 1788 mentem
230 1748 339 1787 servare
353 1728 509 1806 potuisses!
550 1727 654 1784 Pacem
669 1726 847 1798 haberemus,
859 1747 933 1805 quae

89 1818 150 1867 erat
166 1811 243 1867 facta
257 1829 307 1887 per
323 1809 462 1880 obsidem,
474 1827 594 1885 puerum
611 1807 746 1877 nobilem,
759 1806 798 1864 M.
807 1806 934 1864 Bamba-

69 1909 72 1914 ·
89 1890 173 1947 lionis
190 1897 333 1967 nepotem.
375 1888 555 1965 Quamquam
572 1887 681 1944 bonum
698 1894 727 1944 te
743 1887 832 1944 timor
846 1888 933 1945 facie-

88 1970 146 2041 bat,
158 1989 216 2026 non
235 1969 386 2026 diutumus
403 1969 539 2044 magister
555 1967 658 2025 officii:
680 1966 845 2043 improbum
861 1967 933 2025 fecit

89 2069 129 2121 ea,
141 2068 221 2126 quae,
232 2049 300 2105 dum
314 2048 402 2104 timor
415 2047 503 2118 abest,
513 2067 531 2104 a
546 2054 575 2104 te
589 2067 647 2104 non
663 2047 791 2117 discedit,
802 2048 931 2105 audacia

89 2130 151 2186 Etsi
165 2137 237 2198 tum,
249 2146 314 2192 cum
329 2128 472 2203 optimum
486 2133 515 2185 te
529 2126 669 2204 putabant
681 2146 728 2184 me
743 2127 862 2203 quidem
877 2127 934 2185 dis·

89 2209 237 2279 sentiente,
249 2207 344 2264 funeri
362 2207 486 2283 tyranni,
499 2207 523 2264 si
540 2207 611 2264 illud
627 2207 716 2264 funus
736 2207 802 2277 fuit,
815 2207 934 2265 scelera·

88 2289 199 2346 tissime
213 2287 370 2365 praefuisti.
413 2286 475 2344 Tua
491 2287 540 2343 illa
553 2287 650 2363 pulcra
663 2286 798 2355 laudatio,
810 2292 864 2342 tua
880 2287 935 2343 mi-

89 2369 201 2437 seratio,
212 2376 263 2430 tua
273 2366 450 2425 cohortatio:
473 2372 519 2423 91.
531 2373 572 2437 tu,
585 2372 625 2435 tu,
638 2367 763 2443 inquam,
776 2364 838 2422 illas
852 2365 935 2423 faces

89 2449 249 2517 incendisti,
262 2457 290 2504 et
305 2467 359 2517 eaS,
372 2445 475 2523 quibus
489 2446 690 2503 semustulatus
705 2445 751 2501 ille
766 2451 817 2514 est,
829 2451 859 2501 et
875 2464 933 2517 eas,

90 2528 193 2604 quibus
215 2528 329 2584 incensa
352 2526 383 2582 L.
399 2525 521 2582 Bellieni
541 2526 645 2582 domus
666 2525 840 2600 deflagravit.
887 2524 934 2582 Tu

89 2607 153 2664 illos
177 2608 301 2683 impetus
325 2606 503 2682 perditorum
526 2606 677 2662 hominum
699 2614 728 2661 et
748 2623 783 2661 ex
803 2605 936 2662 maxima

89 2694 170 2763 parte
184 2704 337 2755 serrorum,
349 2705 421 2762 quos
434 2704 487 2741 nos
501 2685 529 2741 vi
543 2703 686 2760 manuque
700 2682 889 2760 reppulimus
901 2685 934 2741 in

90 2773 200 2822 nostras
211 2765 313 2821 domos
324 2765 476 2821 immisisti.
512 2764 593 2821 Idem
605 2772 700 2820 tamen
712 2763 792 2840 quasi
806 2762 935 2840 fuligine

89 2846 215 2903 abstersa
225 2845 340 2921 reliquis
351 2844 451 2912 diebus
461 2844 491 2899 in
503 2843 646 2920 Capitolio
658 2843 800 2919 praeclara
814 2851 935 2901 senatus

90 2925 220 2982 consulta
232 2925 335 2994 fecisti,
348 2943 383 2980 ne
401 2943 457 3000 qua
470 2930 536 3000 post
550 2923 619 2979 Idus
634 2922 751 2979 Martias
765 2922 934 2981 immunita-

89 3007 127 3062 tis
141 3004 238 3062 tabula
251 3023 321 3060 neve
336 3004 416 3061 cuius
428 2997 539 3079 [quam]
551 3001 682 3059 beneficii
691 3001 833 3078 figeretur.
871 3001 934 3060 Me-

90 3085 198 3142 ministi
219 3085 280 3160 ipse
301 3084 337 3139 de
358 3083 508 3153 exsulibus,
525 3082 578 3138 seis
601 3082 636 3138 de
657 3081 839 3138 immunitate
859 3082 933 3158 quid

83 3164 198 3234 diceris,
243 3162 396 3242 Optimum
416 3181 491 3234 vero,
502 3161 582 3243 quod
597 3161 755 3218 dictaturae
772 3178 882 3214 nomen
901 3162 932 3217 in
