1988 3480
280 127 358 177 CAP.
375 127 545 187 xla-xiv,
561 124 575 186 ἓ
591 127 681 176 35-42.
872 133 901 178 15

61 229 90 287 in
105 227 267 297 iudicando,
280 227 329 304 qui
344 226 414 284 alios
431 227 461 283 in
476 246 506 283 se
520 246 632 284 severos
645 246 706 284 esse
720 227 828 285 iudices
842 248 901 287 non

61 309 129 367 vult.
174 314 219 365 39.
236 307 294 364 Hie
310 307 447 363 miramur
463 306 539 363 hunc
556 306 704 364 hominem
725 314 839 364 tantum
856 330 902 366 ox-

60 388 160 446 cellere
180 388 288 458 ceteris,
305 387 385 444 cuius
402 385 529 462 legiones
546 387 585 443 sio
602 386 632 443 in
650 386 750 444 Asiam
768 407 901 464 pervene-

60 469 126 538 rint,
139 475 172 526 ut
186 487 244 524 non
259 466 347 524 modo
361 486 463 523 manus
477 466 550 523 tanti
568 467 715 538 exereitus,
729 468 778 524 sed
792 487 828 524 ne
842 489 901 527 ves

59 548 165 624 tigium
190 546 305 624 quidem
331 547 464 623 cuiquam
489 553 590 623 pacato
615 547 746 603 nocuisse
771 548 900 608 dicaturl

60 626 122 684 Iam
136 647 202 684 vero
218 627 353 704 quemad
368 626 487 682 modum
504 625 611 683 milites
627 625 779 684 hibernent
793 630 899 688 cotidie

59 727 203 765 sermones
213 726 245 764 ac
256 706 366 763 litterae
377 707 574 782 perferuntur:
593 725 650 763 non
662 708 750 763 modo
761 715 794 764 ut
805 728 900 786 sump-

59 794 121 844 tum
142 787 230 844 iaciat
250 787 281 842 in
302 786 424 843 militem
446 786 554 842 nemini
576 786 618 842 vis
639 786 775 857 adfertur,
792 789 841 845 sed
863 809 898 846 ne

59 867 187 943 cupienti
198 867 314 942 quidem
325 866 458 942 cuiquam
470 865 653 942 permittitur.
687 867 800 924 Hiemis
812 869 896 939 enim,

58 966 116 1003 non
134 947 267 1004 avaritiae
284 946 449 1023 perfugium
466 947 588 1003 maiores
605 947 695 1003 nostri
710 947 739 1003 in
755 948 897 1005 sociorum

58 1034 143 1103 atque
168 1027 325 1083 amicorum
349 1026 433 1082 tectis
457 1045 517 1083 esse
539 1026 697 1083 voluerunt.
739 1027 822 1085 XIV.
849 1034 895 1086 40.

57 1105 122 1182 Age
139 1126 206 1163 vero
223 1106 323 1163 ceteris
340 1106 370 1161 in
387 1105 471 1162 rebus
489 1099 565 1183 quali
580 1107 617 1162 sit
630 1108 819 1182 temperantia
833 1127 898 1164 con-

58 1185 187 1243 siderate.
230 1185 318 1244 Unde
333 1185 410 1242 illam
425 1192 534 1243 tautam
550 1186 722 1243 celeritatem
740 1194 842 1244 ettam
857 1188 898 1244 in-

57 1265 223 1323 credibilem
248 1284 362 1322 cursum
386 1266 535 1323 inventum
559 1267 686 1342 putatis?
727 1267 794 1323 Non
819 1269 896 1324 enim

58 1345 138 1402 illum
153 1346 258 1402 eximia
271 1345 314 1402 vis
332 1346 474 1422 remigum
488 1353 538 1402 aut
552 1365 596 1402 ars
612 1345 741 1402 inaudita
758 1347 896 1422 quaedam

57 1424 237 1500 gubernandi
254 1432 304 1481 aut
317 1426 394 1482 venti
412 1426 499 1502 aliqui
514 1426 582 1482 novi
596 1432 655 1482 tam
673 1426 800 1483 celeriter
813 1427 843 1482 in
857 1427 898 1484 ul-

58 1504 144 1560 timas
157 1510 246 1560 terras
260 1504 445 1581 pertulerunt,
458 1505 508 1562 sed
522 1525 570 1561 eac
584 1525 636 1576 res,
650 1525 720 1581 quac
734 1513 843 1564 ceteros
857 1526 898 1564 rc·

58 1584 163 1641 morari
181 1584 281 1654 solent,
293 1602 352 1639 non
369 1584 564 1640 retardarunt:
585 1603 645 1640 non
663 1585 780 1642 avaritia
800 1585 835 1642 ab
857 1586 898 1642 in-

59 1663 162 1719 stituto
187 1683 270 1720 cursu
294 1663 331 1719 ad
355 1663 489 1739 praedam
514 1663 637 1740 aliquam
662 1663 818 1735 devocavit,
838 1685 897 1722 non

58 1741 149 1800 libido
170 1743 207 1805 ad
224 1743 408 1819 voluptatem,
424 1762 483 1798 non
504 1743 662 1800 amoenitas
682 1744 719 1800 ad
736 1744 898 1802 delectatio-

58 1842 133 1893 nem,
149 1843 208 1880 non
229 1822 363 1880 nobilitas
379 1822 457 1880 urbis
474 1823 510 1880 ad
525 1823 728 1899 cognitionem,
740 1843 798 1880 non
820 1825 898 1882 deni-

59 1922 113 1979 que
128 1902 208 1960 labor
222 1903 283 1980 ipse
300 1903 336 1959 ad
351 1903 494 1980 quietem:
516 1910 662 1980 postremo
678 1904 759 1980 signa
775 1911 804 1961 et
816 1905 897 1962 tabu-

58 1982 98 2040 las
110 1991 257 2060 ceteraque
269 1990 434 2040 ornamenta
444 1983 617 2040 Graecorum
632 1984 813 2061 oppidorum,
825 2005 896 2061 quae

57 2064 144 2121 ceteri
153 2063 280 2120 tollenda
294 2083 353 2120 esse
365 2063 545 2134 arbitrantur,
558 2083 591 2120 ea
602 2063 656 2120 sibi
669 2064 716 2120 illc
731 2083 766 2120 ne
781 2065 897 2121 visenda

59 2143 174 2219 quidem
197 2144 376 2201 existimavit.
420 2149 466 2201 41.
483 2142 584 2220 Itaque
604 2163 703 2200 omncs
722 2145 844 2200 nuncin
862 2145 897 2200 iis

58 2222 128 2280 locis
145 2223 197 2280 Cn.
210 2223 382 2299 Pompeium
401 2223 474 2280 sicut
491 2224 614 2299 aliquem
631 2242 689 2279 non
707 2243 740 2280 ex
758 2223 811 2280 hac
827 2224 896 2281 urbe

58 2303 186 2373 missum,
199 2303 249 2360 sed
266 2303 301 2360 de
316 2302 393 2360 caelo
411 2303 558 2380 delapsum
576 2304 739 2361 intuentur:
760 2323 836 2360 nuno
851 2305 898 2361 de-

57 2383 145 2459 nique
159 2383 300 2459 incipiunt
314 2383 426 2440 credere
440 2383 528 2439 fuisse
542 2383 673 2440 homines
684 2383 830 2440 Romanos
844 2383 897 2440 hac

59 2463 204 2540 quondam
226 2463 409 2534 continentia,
429 2464 506 2539 quod
527 2464 584 2520 iem
606 2462 770 2519 nationibus
794 2464 897 2519 exteris

58 2543 223 2600 incredibile
244 2562 276 2600 ac
297 2543 370 2600 falso
391 2544 545 2600 memoriae
566 2543 714 2618 proditum
731 2541 896 2599 videbatur:

58 2641 134 2679 nunc
148 2623 261 2700 imperii
276 2623 362 2681 vestri
380 2623 513 2698 splendor
527 2622 583 2679 illis
597 2621 730 2698 gentibus
744 2621 836 2678 lucem
851 2622 898 2678 ad-

58 2702 132 2760 ferre
144 2703 255 2779 coepit:
277 2722 352 2760 nunc
363 2702 528 2778 intelligunt
542 2721 600 2757 non
612 2702 672 2758 sine
683 2721 767 2758 causa
776 2702 898 2758 maiores

58 2801 126 2838 suos
143 2788 215 2852 tum,
231 2802 296 2839 curn
315 2802 349 2840 ea
368 2782 557 2858 temperantia
577 2781 760 2857 magistratus
778 2781 899 2839 habeba-

59 2881 132 2932 mus,
151 2862 253 2919 servire
276 2863 385 2939 populo
410 2862 541 2919 Romano
565 2880 651 2938 quam
673 2861 812 2938 imperare
835 2861 898 2918 aliis

58 2942 199 2999 maluisse.
242 2942 303 2999 Iam
318 2962 384 3000 vero
399 2943 440 2999 ita
453 2941 551 2998 faciles
565 2941 660 2998 aditus
677 2941 713 2998 ad
728 2961 792 2998 eum
807 2942 899 3017 priva-

59 3029 163 3091 torum,
182 3022 223 3078 ita
244 3021 347 3080 liberae
370 3022 563 3099 querimoniae
586 3022 622 3078 de
644 3020 765 3077 aliorum
787 3021 899 3077 iniuriis

59 3120 119 3160 esse
134 3103 276 3173 dicuntur,
286 3110 318 3160 ut
332 3103 364 3173 is,
378 3102 427 3180 qui
437 3101 579 3179 dignitate
589 3100 774 3177 princiqibus
780 3100 914 3157 canente,

57 3182 195 3242 facilitate
212 3181 323 3242 infimis
338 3204 393 3263 par
415 3202 480 3243 esse
493 3181 645 3241 uideatur.
688 3173 829 3230 umaro
845 3180 939 3233 Qan-
