1988 3480
323 135 400 186 OAP.
417 136 561 199 lit-xil,
577 135 592 197 ἐ
606 139 695 187 26-32.
887 137 936 188 lffl

94 237 215 296 domino
236 256 396 295 succurrere
415 237 642 316 prohiberentur,
654 237 792 297 Milonem
809 238 935 297 occisum

93 325 124 376 et
141 337 175 376 ex
192 319 256 396 ipso
274 316 377 375 Clodio
395 317 526 376 audirent
539 325 568 376 ct
581 337 611 376 re
625 338 691 376 vera
707 325 849 397 putarent,
861 319 935 377 fece-

93 405 162 456 runt
179 398 210 455 id
227 397 299 454 servi
317 396 566 455 Milonis-dicam
583 398 661 455 enim
678 405 774 475 aperte
791 418 848 456 11011
863 399 935 456 deri·

93 478 180 535 vendi
198 476 326 534 criminis
347 496 438 548 causa,
454 475 504 534 sed
517 484 550 534 ut
566 477 676 534 factum
694 474 829 535 est—nec
845 479 934 556 irnpe-

94 564 173 615 rantc
194 577 245 614 nec
267 557 373 613 sciente
394 576 446 613 nec
466 564 614 634 praesente
634 557 760 629 domino,
774 558 852 634 quod
867 577 934 615 suos

93 638 214 714 quisque
232 656 327 694 servos
344 637 374 692 in
391 636 442 694 tali
456 656 485 693 10
502 637 595 693 iacere
609 636 753 694 voluisset.
796 636 848 695 XI.
886 643 932 696 30.

93 717 182 788 Η1100,
195 717 280 774 sicuti
297 717 423 794 exposui,
436 716 477 773 ita
490 724 571 793 gesta
587 723 662 788 sunt,
674 715 798 774 iudices:
820 716 935 774 insidia·

93 804 140 853 tor
154 804 302 874 superatus
317 803 367 869 cst,
380 797 408 853 vi
422 796 550 853 victuris
564 796 608 853 vel
621 795 719 874 potius
733 815 868 874 oppressa
882 796 935 854 vir·

93 883 155 933 tute
177 877 295 934 audacia
315 883 366 934 est.
410 875 490 933 Nihil
508 875 573 933 dico
591 876 662 953 quid
677 895 722 933 res
737 875 853 954 publica
869 883 944 934 eon·'

93 962 190 1013 secuta
213 956 258 1028 sit,
274 956 346 1014 nihil
371 956 441 1034 quid
464 976 523 1027 vos,
539 955 611 1012 nihil
636 955 707 1032 quid
727 975 827 1013 omnes
846 955 932 1014 boni:

93 1035 165 1092 nihil
180 1056 246 1093 sane
260 1036 291 1094 id
304 1038 395 1114 prosit
407 1037 516 1108 Miloni,
530 1036 579 1113 qui
593 1035 648 1093 hoc
662 1036 725 1093 fato
739 1041 824 1093 natus
837 1041 889 1107 est,
901 1042 934 1094 111

93 1135 129 1172 ne
140 1136 169 1173 sc
181 1116 296 1194 quidem
311 1136 420 1174 servare
430 1117 558 1195 potuerit
569 1117 640 1194 quin
651 1135 708 1174 una
718 1135 778 1172 rem
789 1114 933 1193 publicam

92 1215 199 1274 vosque
221 1203 350 1254 servaret.
393 1197 425 1254 Si
445 1196 477 1254 id
496 1197 557 1254 iure
578 1195 640 1254 fieri
658 1204 719 1253 'uon
740 1195 845 1271 potuit,
860 1194 933 1253 nihil

92 1275 185 1333 habco
203 1277 281 1353 quod
297 1276 459 1334 defendam.
502 1276 553 1333 Sin
570 1277 626 1333 hoc
647 1275 769 1333 stratio
791 1274 884 1332 doctis
905 1281 934 1333 et

92 1356 244 1412 necessitas
264 1356 391 1413 barbaris
415 1362 444 1413 et
464 1375 528 1412 mos
548 1355 682 1432 gentibus
706 1362 735 1411 et
755 1354 824 1411 feris
847 1354 933 1411 etiam

94 1434 184 1490 beluis
208 1433 309 1492 natura
332 1436 395 1512 ipsa
418 1435 610 1512 praescripsit,
629 1441 661 1492 ut
682 1453 798 1490 omnem
822 1452 934 1511 semper

93 1514 160 1584 vim,
175 1534 352 1591 quacumque
373 1534 428 1591 ope
448 1521 603 1591 possent,a
623 1533 784 1590 corporea
804 1513 935 1591 capite,a

93 1593 153 1650 vita
174 1613 224 1650 sua
242 1594 448 1670 propulsarent,
460 1613 519 1650 non
540 1593 661 1670 potestis
681 1593 737 1652 1100
753 1593 866 1650 facinus
882 1593 934 1650 im·

92 1672 216 1750 probum
237 1673 362 1730 iudicare
384 1674 452 1751 quin
474 1672 559 1730 simul
575 1672 708 1731 iudicetis
729 1673 870 1744 omnibus,
884 1673 934 1751 qui

93 1753 123 1808 in
135 1753 257 1809 latrones
269 1752 428 1824 inciderint,
441 1759 490 1811 aut
501 1753 614 1810 illorum
624 1753 688 1810 telis
699 1760 749 1811 aut
759 1753 859 1811 vestris
873 1771 934 1810 seu·

92 1833 193 1889 tentiis
213 1851 273 1890 esse
293 1833 479 1910 pereundum.
523 1839 568 1891 31.
588 1831 673 1902 Quod
694 1833 718 1890 si
735 1834 776 1891 ita
795 1840 932 1911 putasset,

91 1919 168 1969 certe
185 1912 340 1991 optabilius
357 1913 459 1970 Miloni
475 1913 533 1970 fuit
549 1914 615 1971 dare
633 1913 763 1990 iugulum
777 1913 810 1971 P.
819 1911 931 1985 Clodio,
990 1935 992 1938 ⁴

92 2011 151 2048 non
167 1993 253 2050 semel
268 1993 303 2049 ab
318 1993 367 2050 illo
381 2013 473 2070 neque
487 2000 550 2050 tum
564 1994 690 2072 primum
701 1993 833 2071 petitum,
846 2012 932 2071 quam

80 2072 214 2150 'iugulari
236 2093 253 2130 a
271 2073 360 2144 vobis,
377 2073 444 2150 quia
463 2093 492 2131 sc
509 2093 568 2131 non
585 2073 773 2151 iugulandum
789 2073 831 2130 illi
847 2073 933 2131 tradi·

91 2153 188 2210 disset.
231 2152 283 2210 sin
300 2153 355 2210 hoc
376 2173 462 2211 nemo
479 2160 603 2211 restrum
621 2155 662 2211 ita
678 2154 773 2225 sentit,
786 2153 858 2211 illud
874 2154 943 2210 iam·

93 2233 123 2287 in
142 2232 281 2289 iudicium
300 2233 386 2304 venit,
399 2253 457 2290 non
479 2234 624 2290 occisusne
646 2234 690 2304 sit,
704 2233 782 2310 quod
798 2234 931 2304 fatemur,

91 2312 143 2368 sed
157 2313 217 2368 iure
231 2332 267 2368 an
282 2313 392 2384 iniuria,
405 2313 484 2389 quod
493 2313 592 2370 multis
605 2314 635 2369 in
650 2314 741 2370 causis
756 2331 839 2390 saepe
850 2333 933 2390 quae

93 2391 180 2447 situm
192 2399 242 2448 est.
277 2391 398 2449 Insidias
408 2393 498 2449 factas
508 2412 569 2450 csse
580 2399 699 2464 constat,
712 2399 741 2450 ct
751 2393 783 2449 id
793 2399 843 2463 est,
855 2393 933 2469 quod

92 2477 208 2527 senatus
228 2479 327 2529 contra
347 2492 406 2529 rem
427 2472 571 2549 publicam
590 2473 698 2529 facturn
721 2471 874 2529 iudicavit:
896 2472 932 2530 ab

94 2557 158 2606 11110
176 2551 268 2608 iactae
286 2552 343 2608 sint
359 2553 499 2609 incertum
516 2558 566 2610 cst.
608 2551 654 2608 De
670 2551 726 2608 hoc
740 2552 829 2628 igitur
842 2552 931 2609 latum

92 2636 137 2686 est
157 2637 190 2687 ut
207 2639 392 2706 quaereretur.
436 2632 481 2689 lta
497 2639 526 2688 et
543 2638 657 2688 senatus
677 2651 745 2703 rem,
762 2651 820 2688 non
841 2631 934 2690 homi·

93 2728 160 2765 nem
172 2711 282 2767 notavit
292 2718 321 2768 et
332 2711 488 2788 Pompeius
499 2711 535 2768 <ie
545 2711 614 2782 iure,
626 2730 685 2768 non
697 2712 732 2768 dc
745 2711 825 2768 facto
836 2730 933 2788 quaes

92 2789 204 2846 tionem
220 2790 294 2847 tulit.
337 2790 405 2848 XII.
421 2791 500 2847 Num
521 2791 592 2868 quid
607 2791 696 2868 igitur
717 2791 795 2848 alind
810 2789 840 2847 in
860 2791 933 2848 iudi·

92 2869 171 2925 cium
186 2870 264 2926 venit
280 2871 335 2927 nisi
351 2877 414 2928 uter
430 2870 487 2927 utri
504 2870 621 2927 iusidias
635 2871 754 2928 fecerit?
794 2870 933 2928 Profecto

93 2948 182 3006 nihil:
206 2949 229 3005 si
245 2950 292 3006 hic
308 2950 358 3022 illi,
374 2957 407 3007 ut
426 2970 462 3008 ne
484 2950 521 3007 sit
541 2950 675 3028 impune:
698 2951 722 3007 si
742 2949 789 3008 1110
809 2950 884 3020 huic,
900 2956 932 3007 ut

92 3029 197 3086 scelere
212 3029 361 3087 solvamur.

136 3115 181 3166 32.
198 3108 330 3177 Quonam
350 3109 439 3188 igitur
458 3116 545 3189 paeto
566 3109 690 3190 prohari
706 3105 961 3186 pereundum

87 3187 193 3246 Miloni
206 3189 309 3250 fecisse
321 3189 481 3252 Clodiuml
514 3191 599 3253 Satis
608 3189 767 3252 estinihu.
774 3183 986 3257 1111100101οὒ
