1988 3480
79 128 125 175 1112
216 124 287 174 PRO
303 125 333 174 T.
348 124 464 173 ANNIO
481 123 621 173 MILONE
638 123 781 174 0RuT10.

77 227 107 284 in
127 227 202 284 hoel
222 225 293 304 quid
312 224 399 282 vultis
422 225 564 303 amplius?
604 225 682 294 Quid
706 225 783 283 enim
808 226 919 286 odisset

78 306 210 364 Clodium
237 304 316 376 Milo,
332 311 457 382 segetem
482 325 514 362 ac
536 306 684 362 materiem
709 326 775 363 suae
799 307 918 384 gloriae,

77 393 188 463 praeter
203 386 258 443 hoo
275 385 357 442 civile
374 385 482 456 odium,
495 405 552 462 quo
569 405 669 442 omnes
688 386 837 463 improbos
858 388 920 445 odi·

77 467 159 523 musi
189 465 240 523 Ille
255 472 315 522 erat
329 471 361 522 ut
372 465 479 522 odisset
489 466 614 541 primum
626 465 805 523 defensorem
818 467 920 525 salutis

77 565 164 617 meae,
175 546 278 602 deindo
289 552 452 603 vexatorem
462 545 575 615 1111111,
586 546 758 602 domitorem
773 566 918 604 armorum

78 645 201 694 suorum,
220 632 365 703 postremo
392 625 480 682 etiam
507 632 699 682 accusatorem
725 641 824 682 suum:
853 646 920 684 reus

77 706 154 763 euim
172 705 287 763 Milonis
307 705 370 782 lege
391 704 487 762 Plotia
507 705 564 762 fuit
580 704 707 776 Clodius,
724 706 820 782 quoad
837 707 917 764 vixit.

77 785 142 854 Quo
159 786 276 842 tandem
293 785 390 842 animo
407 784 463 842 hoc
480 792 635 860 tyrannum
650 785 730 842 illum
746 786 844 843 tulisse
861 805 920 844 cre-

77 865 166 922 1111111
191 872 329 941 quantum
351 864 449 921 odium
471 865 547 922 illius
572 872 601 922 et
621 866 651 921 iu
671 866 789 923 homine
809 866 920 924 iniusto

78 964 163 1022 quam
179 945 265 1002 etiam
280 944 388 1001 iustum
402 945 510 1002 1111111

117 1024 200 1082 XIV.
234 1029 279 1081 36.
292 1022 447 1099 Reliquum
458 1030 501 1081 cst
512 1031 544 1081 ut
555 1025 612 1081 iam
624 1025 704 1081 illum
716 1031 814 1082 natura
827 1026 920 1103 ipsius

77 1104 311 1179 consuetudoque
322 1103 467 1174 defendat,
477 1104 553 1162 hunc
568 1112 661 1161 autom
677 1105 747 1162 haec
762 1106 861 1163 eadem
873 1126 920 1163 co-

77 1190 204 1261 arguant.
239 1183 319 1240 Nihil
333 1184 454 1260 pervim
468 1204 603 1261 umquam
618 1185 745 1255 Clodius,
756 1187 853 1242 omnia
867 1205 920 1262 per

77 1264 136 1321 vim
145 1263 223 1321 Milo.
255 1262 349 1332 Quidl
365 1283 428 1342 ego,
438 1265 553 1335 iudices,
562 1284 627 1321 cum
636 1265 827 1322 maerentibus
836 1265 919 1322 vobis

79 1343 147 1402 urbe
164 1343 243 1416 cessi,
255 1344 432 1402 iudiciumne
448 1345 552 1402 timuit
572 1364 630 1401 nou
645 1364 747 1416 servos,
760 1364 818 1402 nou
829 1365 917 1417 arma,

77 1443 136 1481 non
146 1425 224 1481 vimi
259 1423 338 1492 Quae
352 1424 454 1481 fuisset
464 1425 552 1498 igitur
562 1425 638 1481 iusta
651 1444 735 1482 causa
748 1425 919 1482 restituendi

78 1505 142 1575 mei,
153 1504 322 1562 nisifuisset
335 1505 442 1561 iniusta
455 1503 605 1561 eiicieudil
634 1504 719 1561 Diem
731 1505 812 1576 mihi,
823 1506 917 1578 credo,

79 1583 196 1656 dixerat,
208 1585 329 1643 multam
346 1585 492 1660 irrogarat,
504 1583 646 1640 actionem
660 1584 863 1660 perduellionis
877 1586 920 1643 in-

78 1664 216 1736 tenderat,
229 1671 258 1722 et
272 1664 344 1722 mihi
355 1664 486 1721 videlicet
496 1663 527 1720 iu
542 1682 626 1721 causa
639 1670 689 1720 111
699 1665 775 1721 mala
785 1671 834 1722 aut
844 1685 918 1737 mea,

79 1763 137 1800 uon
154 1751 184 1801 et
200 1744 423 1822 praeclarissima
439 1750 468 1800 et
482 1750 582 1814 vestra,
597 1744 736 1800 iudicium
756 1745 919 1802 timendum

78 1823 143 1881 fuit.
178 1823 330 1881 Servorum
341 1828 370 1879 et
381 1823 526 1899 egentium
538 1823 642 1880 civium
654 1831 683 1881 et
691 1825 919 1882 facinorosorum

79 1904 165 1960 armis
175 1923 255 1959 meos
269 1903 352 1972 cives,
362 1903 434 1959 meis
444 1902 569 1959 consiliis
579 1903 768 1981 periculisque
783 1911 918 1976 servatos,

79 2003 131 2060 pro
146 2002 192 2051 me
203 1982 289 2038 obiici
300 1982 387 2039 nolui.
425 1981 470 2039 37.
481 1981 551 2040 Vidi
566 1983 651 2054 euim,
659 1984 718 2040 vidi
732 1984 809 2041 hunc
822 1985 920 2062 ipsum

80 2062 113 2131 Q.
126 2061 322 2131 Hortensium,
338 2061 434 2118 lumen
455 2068 484 2119 et
505 2070 704 2120 omamentum
720 2065 761 2121 rei
778 2065 918 2141 publicae,

79 2161 168 2218 paene
189 2141 310 2198 interfici
331 2161 475 2199 servorum
496 2161 591 2213 manu,
607 2162 674 2199 cum
694 2144 767 2200 mihi
790 2145 919 2203 adesset:

80 2222 182 2298 quain
199 2221 283 2279 turba
301 2220 333 2278 C.
342 2221 483 2279 Vibienus
504 2228 625 2293 senator,
637 2224 681 2280 vir
701 2224 837 2302 optimus,
852 2245 920 2282 cum

79 2301 134 2358 hoc
155 2320 221 2358 cum
242 2308 315 2358 osset
335 2320 400 2372 una,
412 2302 453 2359 ita
473 2310 517 2359 est
534 2302 684 2373 mulcatus,
696 2312 729 2362 ut
745 2306 833 2362 vitam
851 2306 921 2361 ami-

80 2381 155 2438 serit.
197 2381 298 2458 Itaque
316 2382 430 2458 quando
446 2382 523 2439 illius
539 2390 641 2459 postea
657 2385 715 2441 sica
730 2384 786 2455 illa,
799 2404 885 2461 quam
903 2403 922 2441 a

80 2460 204 2518 Catilina
223 2469 377 2538 acceperat,
390 2462 573 2538 conquievit?
614 2464 694 2521 Haec
712 2465 854 2522 intentata
870 2483 921 2520 no·

80 2541 124 2598 bis
141 2547 191 2613 est,
203 2542 270 2599 huic
287 2561 341 2618 ego
358 2561 409 2599 vos
426 2542 513 2599 obiici
530 2561 582 2619 pro
597 2562 715 2601 menon
732 2565 795 2601 sum
809 2563 918 2621 passus,

79 2621 149 2678 haec
162 2622 297 2678 insidiata
310 2621 451 2698 Pompeio
466 2629 516 2693 est,
528 2622 598 2679 haec
613 2623 696 2680 istam
711 2623 847 2701 Appiam,
859 2643 922 2680 mo·

80 2701 240 2758 nimentum
255 2702 298 2758 sui
313 2703 446 2773 nominis,
457 2722 525 2760 nece
540 2702 648 2778 Papirii
663 2704 828 2774 cruentavit,
839 2704 919 2774 haec,

80 2781 149 2837 haec
166 2781 264 2838 eadem
282 2781 370 2855 longo
390 2782 537 2839 intervallo
559 2800 693 2838 convorsa
713 2802 808 2840 mrsus
829 2783 920 2840 estin

81 2878 140 2918 me:
166 2880 256 2938 nuper
277 2862 403 2938 quidem,
418 2869 450 2918 ut
471 2862 558 2931 scitia,
573 2881 619 2916 mc
640 2861 677 2917 ad
699 2863 806 2937 regiam
828 2881 921 2938 paene

81 2941 211 2998 confecit.
256 2948 302 2998 38.
319 2941 397 3010 Quid
411 2941 502 2998 similo
520 2941 653 2998 Milonisl
674 2943 754 2999 cuius
769 2942 811 2998 vis
825 2942 921 2999 omnis

80 3021 149 3078 haec
164 3042 276 3098 semper
292 3022 357 3092 fuit,
370 3041 405 3078 nc
422 3021 455 3078 P.
466 3021 584 3078 Clodius
596 3040 660 3078 cum
675 3023 705 3078 in
720 3022 857 3078 iudicium
873 3021 922 3080 de-

80 3101 155 3158 trahi
182 3122 240 3158 nou
265 3109 370 3177 posset,
388 3102 416 3158 vi
442 3120 605 3178 oppressam
630 3103 775 3159 civitatem
799 3108 919 3160 teneret

72 3179 164 3246 Quem
179 3182 207 3238 si
218 3180 381 3240 interficere
396 3181 542 3253 voluisset,
555 3187 679 3259 quantae
695 3182 828 3258 quotiens
842 3199 923 3238 occa
