2032 3472
108 111 157 158 252
185 108 224 159 IN
240 109 278 158 M.
293 108 486 160 ANTONIUM
502 108 636 159 ORATIO
652 106 866 159 PHILIPPICA
884 110 924 161 II.

108 209 273 268 consulibus
283 208 483 287 reliquisque‘
474 209 602 287 imperiis
612 216 642 267 et
652 215 778 301 potestat
765 208 857 268 tibus:
878 230 956 290 quac

108 309 166 346 non
184 289 339 380 effrrgisses3
352 290 407 346 nisi
423 297 453 347 te
473 291 511 347 ad
527 309 606 347 arma
621 288 748 346 Caesaris
769 290 953 352 contulisses.

108 368 206 426 XXII.
219 368 271 440 Τιι,
280 377 312 425 tu
315 369 456 447 ,inquam
466 369 505 426 M.
514 369 575 426 Ant
564 369 634 440 toni,
646 368 824 446 priucepsC.
834 369 955 431 Caesari

107 449 205 506 omnia
225 448 389 527 perturbare
410 449 538 526 cupienti
557 468 671 506 causam
692 449 760 506 belli
780 457 882 507 contra
904 471 955 529 pa-

106 529 191 587 triam
211 528 355 586 inferendi
371 529 484 586 dedisti.
527 528 604 597 Quid
620 529 697 586 enim
715 529 794 586 aliud
809 529 857 588 ille
875 531 955 590 dice·

106 608 174 666 batt
195 628 281 686 quam
298 628 411 666 causam
429 609 472 665 sui
486 609 694 666 dementissimi
708 608 820 672 consilii
834 616 863 666 ct
878 611 953 671 facti

106 689 262 760 adferebat,
272 689 328 746 nisi
342 689 422 766 quod
435 689 600 746 intercessio
617 688 754 765 neglecta,
766 689 811 745 ius
827 689 953 750 tribuni-

106 770 183 826 cium
202 768 354 839 sublatum,
366 769 597 845 circumscriptus
615 788 632 825 a
648 777 748 826 senatu
765 775 839 826 esset
855 769 953 830 Anto·

106 849 189 906 nius?
222 849 335 907 Omitto
360 868 445 924 quarn
468 849 537 906 haec
562 848 641 919 falsa,
660 867 746 925 quam
770 848 851 920 levia,
869 868 953 926 prae-

105 928 203 985 sertim
221 948 286 985 cum
308 929 426 985 omnino
447 928 525 985 nulla
541 947 625 986 causa
641 928 716 985 iusta
731 927 865 1005 cuiquam
888 950 952 990 esso

105 1007 197 1084 possit
213 1015 313 1064 contra
329 1015 379 1084 pat
380 1008 451 1065 riam
468 1028 548 1064 arma
563 1009 703 1085 capiendi.
746 1007 804 1066 Sed
820 1008 895 1066 nihil
913 1011 951 1070 de

105 1086 240 1144 Caesare:
265 1087 320 1145 tibi
342 1095 417 1144 certe
389 1087 634 1146 tconfitendurn
655 1096 699 1145 est
719 1107 833 1146 causam
854 1092 951 1167 perni-

105 1166 256 1224 ciosissimi
276 1167 375 1224 belli
368 1187 398 1224 ιιι
422 1187 545 1245 persona
567 1177 618 1225 tua
641 1167 810 1226 constitisse.
855 1175 903 1228 54.
922 1171 951 1230 Ο

104 1247 240 1305 miserum
254 1254 293 1319 te,
305 1248 330 1305 si
346 1247 415 1305 haec
432 1247 576 1324 intelligia,
588 1248 773 1319 miseriorem,
789 1249 813 1305 si
830 1267 890 1306 non
907 1251 951 1308 in·

104 1327 211 1404 telligis
231 1328 286 1385 hoc
307 1328 354 1385 litt
342 1328 410 1385 teris
431 1327 569 1399 mandari,
590 1328 645 1385 hoc
672 1329 827 1386 momoriae
852 1331 949 1407 prodi,

104 1407 190 1464 huius
210 1409 250 1465 rei
270 1427 306 1466 nc
322 1409 519 1484 posteritatem
537 1408 653 1485 quidem
673 1408 802 1465 omnium
823 1410 951 1468 saeculo

104 1506 168 1545 rum
189 1507 326 1564 umquam
349 1489 547 1544 immemorem
570 1488 642 1558 fore,
657 1487 787 1546 consules
807 1508 842 1546 ex
864 1488 951 1549 Italia

104 1566 246 1644 expulsos
264 1571 387 1645 cumque
409 1568 445 1624 iis
465 1566 517 1625 (ln.
530 1567 712 1644 Pompeium,
729 1569 808 1645 quod
832 1569 951 1646 imperii

103 1647 205 1724 populi
221 1647 345 1704 Romani
366 1647 453 1705 decus
473 1666 506 1704 ac
526 1647 622 1705 lumen
643 1647 709 1718 fuit,
726 1667 825 1706 omnes
846 1668 951 1708 consu-

103 1727 183 1799 lares,
194 1727 243 1804 qui
259 1747 311 1804 per
326 1727 518 1786 valetudinem
539 1727 655 1805 exsequi
667 1727 783 1785 cladem
804 1728 883 1786 illam
904 1731 951 1789 fn·

103 1826 227 1884 gamque
257 1815 309 1884 pot
298 1808 426 1877 t,uisseut
449 1815 529 1885 praet
530 1827 601 1878 ores,
624 1815 705 1884 praet
693 1808 791 1879 t,orios
812 1808 951 1869 tribunos

103 1887 203 1964 plebis,
215 1906 349 1964 magnam
364 1895 474 1963 partem
493 1894 616 1957 senatus,
628 1906 743 1945 omnem
760 1852 915 1945 sribolenr
908 1910 951 1948 ιιι-

103 1974 203 2024 ventut
204 1967 228 2023 is
229 1985 363 2043 ,unoque
374 1966 460 2023 verbo
471 1986 530 2023 rem
542 1932 685 2044 publicam
690 1967 844 2059 expulsam
859 1976 950 2047 atque

103 2046 320 2103 exterminatam
332 2046 390 2102 suis
404 2046 535 2103 sedibusl
572 2053 618 2105 55
631 2047 743 2105 Utt
689 2048 743 2124 igit
744 2067 778 2104 ur
788 2048 817 2105 in
832 2050 951 2108 somini-

104 2124 157 2183 bus
173 2133 217 2182 est
230 2144 315 2182 causa
331 2125 464 2183 arborum
482 2133 511 2182 et
528 2126 670 2204 stirpium,
682 2128 723 2184 sic
737 2127 822 2185 huius
835 2128 952 2188 luctuo-

103 2206 207 2263 sissimi
199 2205 291 2263 'belli
308 2224 405 2263 semen
421 2213 454 2263 tu
471 2206 562 2264 fuisti.
603 2206 717 2265 Doletis
733 2208 786 2265 tris
804 2210 951 2269 exercitus

102 2286 203 2364 populi
211 2286 335 2344 Romani
346 2286 527 2344 interfectos:
550 2287 694 2346 interfecit
703 2288 857 2346 Antonius.
890 2289 952 2349 Dc-

103 2366 234 2425 sideratis
248 2366 418 2424 clarissimos
431 2367 507 2425 cives
521 2367 603 2425 vobis
617 2375 747 2445 ereptos:
769 2369 876 2445 eripuit
886 2370 951 2428 An·

102 2448 207 2504 tonius.
238 2447 404 2505 Auctoritas
414 2447 500 2504 huius
511 2447 619 2505 ordinis
629 2448 745 2506 adflicta
756 2456 815 2506 est:
833 2449 951 2510 adflixit

102 2526 266 2584 Antonius..
299 2527 405 2585 Omnia
425 2527 557 2604 denique,
569 2547 642 2605 quac
663 2536 764 2605 postca
779 2528 951 2587 vidimus—

103 2606 173 2682 quid
190 2614 285 2665 autem
304 2607 372 2664 mali
394 2608 451 2664 non
469 2608 595 2665 vidimus
603 2609 678 2665 l-si
699 2616 775 2667 recte
796 2609 951 2669 ratiocina-

102 2684 205 2757 bimur,
218 2687 268 2743 uni
269 2695 381 2778 accept
381 2707 401 2744 -a
370 2688 572 2745 treferemus
588 2688 636 2744 An
639 2688 728 2746 t.onio
771 2688 815 2747 Ut
832 2688 950 2749 Helena

102 2731 275 2836 Troiariisf
254 2785 293 2824 sic
311 2767 364 2824 iste
382 2766 448 2824 huic
465 2767 505 2824 rei
522 2767 653 2843 publicae
669 2768 736 2825 belli
752 2787 843 2839 causa,
859 2788 949 2828 causa

102 2852 166 2921 pest
168 2845 192 2902 is
208 2853 237 2902 at
239 2865 293 2923 quo
310 2847 368 2903 exit
370 2847 390 2903 ir
356 2847 472 2903 tfuit.
514 2847 653 2924 Reliquae
669 2855 793 2925 partest
781 2848 949 2908 tribunatus

102 2924 236 3002 principii
228 2925 364 2983 'similes
400 2922 506 2984 Omnia
516 2927 645 3004 perfecit,
656 2947 728 3004 quae
742 2936 823 2985 senat
824 2947 857 2985 us
811 2929 948 2989 tsalva

102 3024 132 3061 re
139 3005 263 3141 lpublica
279 3025 315 3062 ne
331 3005 392 3063 ficri
409 3013 527 3098 possent
540 3006 705 3084 perfecerat.
686 3008 832 3065 tCuius
846 3015 946 3068 tamen

91 3085 152 3142 scel
151 3105 186 3143 ns
199 3085 229 3143 in
246 3085 353 3146 scelere
367 3086 544 3165 coenosam.

118 3164 245 3229 XXIII.
286 3176 336 3231 56.
357 3170 398 3230 lto
383 3171 455 3230 astri
443 3169 549 3230 rlrebat
562 3165 678 3227 multos
694 3163 888 3220 calamitosos.
920 3164 969 3217 ln
