1988 3480
84 114 132 160 224
168 112 205 161 lx
225 108 467 161 l1.2lx'r0slull
484 107 621 159 ORATIO
638 108 907 163 PHILIPPICAI.
981 38 987 197 1

85 212 217 270 dolaret:
239 211 343 268 deinde
364 230 381 267 n
400 209 490 279 robis,
526 210 789 290 atres'eonacript,
806 221 886 291 peto,
900 221 936 285 ut,

85 294 171 349 etiarn
189 292 211 347 si
230 292 309 368 sequi
325 291 419 347 minus
433 228 575 347 audehitis
588 290 758 349 orationem
775 300 868 371 atque
882 313 938 385 aqe

86 373 231 428 toritatem
249 391 350 439 nicam,
363 370 484 447 henigne
503 388 550 427 me
566 377 675 440 tamen,
688 378 726 428 ut
743 372 846 430 adhue
863 375 938 431 fecie

86 453 132 518 ris,
144 452 274 508 rnulhuis.

131 538 172 588 lu.
193 530 318 587 l'rirnurn
338 530 425 603 igitur
441 536 504 586 aeta
517 528 647 585 Caesaris
664 531 817 589 servanda
831 552 936 603 censeo,

87 631 144 668 non
165 632 221 687 quo
241 610 464 687 prolum-quis
487 610 562 666 enim
584 608 615 665 id
635 609 759 686 quidem
783 614 937 689 potesti-

87 692 136 748 srrl
154 692 221 768 quia
238 691 375 747 rationem
394 689 553 746 hahendam
570 688 697 746 maxime
715 689 849 749 arbitror
864 693 937 770 pacis

87 782 172 848 atquc
190 772 249 828 otii.
294 770 404 826 l'ellrm
422 769 532 826 adesset
547 767 584 825 M.
595 767 758 841 Antonius,
770 771 868 829 modo
882 773 937 828 siue

87 852 239 909 advocatis.
276 849 341 914 Sed,
351 859 383 906 nt
395 849 505 926 opinor,
516 847 582 905 licet
590 848 617 904 ei
630 847 731 905 minus
742 850 852 922 valere,
864 849 937 929 quod

88 931 158 987 inihi
181 931 240 986 heri
262 949 312 1005 per
337 929 416 985 illum
437 947 496 985 non
516 926 627 985 licebat.
670 926 808 987 Doceret
828 949 878 988 me
896 929 936 988 vel

87 1011 184 1087 potius
201 1029 259 1077 ros,
271 1017 366 1084 patres
383 1008 546 1085 conscripti,
559 1024 644 1084 quem
665 1007 857 1069 admodum
879 1011 936 1088 ipsa

87 1089 214 1146 Caesaris
231 1098 294 1144 curta
312 1087 487 1145 defenderet.
526 1088 574 1144 An
591 1087 620 1143 in
638 1090 894 1148 commentariolis
910 1096 935 1148 et

89 1167 285 1244 chirographis
303 1174 331 1224 et
346 1167 447 1224 libellis
464 1188 493 1225 se
511 1186 568 1224 nno
582 1174 697 1224 anctore
713 1169 844 1244 prolatis
858 1190 891 1228 ac
903 1188 935 1227 ne

88 1249 206 1326 prolatis
221 1248 346 1325 quidem,
359 1248 409 1304 sed
423 1255 537 1304 tantum
551 1246 639 1303 modo
653 1246 741 1304 dictis
755 1256 826 1307 acta
839 1249 935 1308 Caesa·

90 1331 127 1386 ris
144 1330 225 1386 lirina
242 1334 340 1385 erunt:
364 1347 435 1405 quae
456 1326 502 1383 ille
519 1327 549 1383 iu
569 1346 615 1383 aes
634 1326 747 1397 incidit,
761 1328 792 1386 in
811 1348 874 1407 quo
890 1349 936 1407 po

110 1409 148 1466 nli
167 1410 241 1466 iussa
257 1416 464 1485 perpetuasque
480 1406 557 1483 leges
577 1425 638 1464 esse
654 1405 756 1477 voluit,
768 1427 826 1485 pro
847 1409 935 1466 nihilo

88 1429 287 1545 habebunturl
330 1489 374 1545 17.
391 1487 533 1564 Equidem
552 1487 684 1543 existimo
702 1485 778 1543 nihil
795 1495 861 1545 tam
878 1508 935 1546 esse

89 1569 118 1624 in
131 1569 200 1625 actis
211 1568 338 1625 Caesaris
350 1587 435 1645 quam
446 1566 523 1643 leges
531 1565 667 1623 Caesarie.
698 1567 757 1636 An,
769 1566 856 1626 sicui
868 1568 936 1647 quid

40 1703 43 1708 .
89 1649 136 1704 ille
146 1648 285 1724 promisit,
298 1648 328 1705 id
340 1649 393 1704 erit
407 1647 504 1716 lixum,
517 1645 594 1722 quod
608 1646 686 1702 idem
700 1664 760 1702 non
775 1646 876 1706 faeere
889 1668 937 1727 po

90 1729 164 1785 tuiti
186 1736 218 1784 ut
234 1727 333 1785 multis
350 1727 440 1784 multa
454 1726 593 1803 proruisse
606 1744 665 1782 non
679 1725 757 1783 feeit
796 1725 883 1797 Quae
898 1737 937 1788 ta·

90 1828 156 1864 men
177 1808 270 1864 multo
288 1808 369 1884 plura
387 1807 435 1862 illo
458 1812 571 1862 mortuo
592 1811 704 1882 reperta
724 1813 794 1864 sunt
812 1827 902 1886 quam
921 1828 938 1866 a

92 1887 155 1944 vivo
170 1887 307 1944 beneficia
321 1906 371 1963 per
382 1905 481 1943 omues
494 1905 584 1943 annos
598 1885 706 1943 tributa
719 1893 749 1943 et
762 1886 840 1946 data
880 1887 938 1946 Sed

91 1987 124 2022 en
138 1986 194 2022 non
210 1973 300 2033 mute,
313 1985 369 2020 non
384 1984 503 2022 moveo:
526 1985 638 2022 summo
653 1964 749 2023 studio
763 1965 843 2024 illius
857 1987 938 2046 prae-

91 2045 165 2101 clara
181 2052 244 2101 acta
258 2043 391 2100 defende.
434 2044 562 2101 Pecunia
575 2046 684 2101 utinam
699 2045 735 2102 ad
750 2044 825 2121 Opis
839 2066 938 2104 mane·

91 2124 149 2181 ret!
177 2129 294 2180 eruenta
306 2122 355 2178 illa
373 2122 498 2198 quidem,
512 2124 562 2180 sed
578 2124 623 2181 his
632 2124 820 2202 temporibus,
854 2126 938 2183 uoni-

91 2223 138 2261 am
153 2203 194 2274 iis,
208 2221 329 2279 quorum
347 2210 397 2271 est,
408 2221 466 2258 non
482 2202 620 2274 redditur,
631 2203 794 2261 necessaria
828 2144 939 2272 {uam-

92 2303 176 2361 qnam
195 2302 228 2340 ea
244 2302 358 2359 quoqne
376 2283 413 2339 sit
430 2283 528 2353 effusa,
541 2283 565 2340 si
583 2284 625 2341 ila
640 2284 670 2339 in
687 2283 757 2340 actis
774 2282 841 2341 fuit.
889 2291 937 2344 18.

92 2364 204 2442 Ecquid
219 2370 261 2420 est
276 2362 354 2440 quod
368 2371 428 2420 tam
442 2364 557 2440 proprie
571 2363 628 2420 diei
643 2363 733 2440 possit
747 2369 845 2420 actum
863 2364 938 2437 eius,

93 2446 141 2521 qni
158 2451 274 2521 togatus
290 2444 320 2500 iu
337 2463 367 2500 re
384 2443 498 2520 publica
514 2463 580 2500 eum
597 2450 738 2520 potestate
752 2443 939 2522 imperioque

92 2533 218 2582 versatus
233 2524 278 2594 sit,
289 2543 374 2600 quam
388 2524 452 2581 lexl
492 2522 602 2591 Quaere
619 2529 682 2579 acta
694 2522 833 2580 Gracchi:
857 2523 939 2601 leges

93 2604 277 2680 Semproniae
292 2603 480 2680 proferentur.
517 2601 626 2671 Quaere
640 2601 751 2660 Sullae:
773 2602 937 2664 Corneliae.

93 2683 187 2752 Quidl
228 2683 361 2760 Pompeii
380 2684 481 2741 tertius
503 2683 665 2739 consulatus
685 2683 715 2739 in
737 2682 840 2760 quihus
862 2685 939 2743 actis

93 2764 243 2821 constititl
266 2783 371 2840 nempe
398 2763 429 2819 in
451 2762 569 2839 legibus,
612 2763 657 2820 De
680 2763 798 2820 Caesare
820 2762 886 2838 ipso
911 2766 943 2822 si

94 2862 240 2919 quaereres
258 2843 395 2920 quidnam
417 2843 521 2920 egisset
537 2842 567 2898 iu
586 2842 656 2899 urhe
674 2849 703 2900 ct
719 2843 749 2899 iu
766 2849 842 2918 toga,
855 2841 936 2919 leges

93 2922 198 2979 multas
222 2922 408 2999 responderet
432 2942 461 2979 se
486 2929 515 2979 et
539 2921 695 2999 praeclaras
717 2922 823 2991 tulisse,
841 2920 938 2979 ohiro·

93 3002 202 3079 grapha
216 3022 282 3059 vero
297 3009 347 3059 aut
361 3008 484 3058 mutaret
497 3010 546 3058 aut
560 3021 619 3057 non
633 3001 713 3058 daret
729 3008 786 3070 aut,
802 3001 826 3056 si
840 3000 936 3058 dedis·

94 3090 145 3153 set,
154 3102 212 3140 non
226 3082 295 3144 istas
308 3102 352 3139 res
366 3082 396 3138 iu
411 3081 481 3138 actis
492 3081 553 3137 suis
567 3080 688 3137 duceret.
724 3081 780 3138 Sed
791 3080 859 3137 haec
870 3081 937 3158 ipsa

94 3162 237 3219 concedo:
256 3160 425 3239 quibusdam
437 3161 523 3218 etiarn
532 3160 561 3216 in
573 3159 657 3216 rebus
667 3160 795 3228 coniveo,
804 3160 835 3214 in
845 3160 935 3216 maxi·
