1988 3480
70 115 119 161 aa
149 112 185 161 rx
204 112 241 161 u.
256 110 449 162 au'rourun
465 98 604 161 enarro
622 112 853 165 rtrrer’rrea
868 114 901 164 u

71 214 129 272 tuis
140 212 185 269 irie
197 222 312 289 stupu:
335 219 443 291 quanto
455 212 483 269 iu
494 211 580 270 rebus
590 216 818 295 sententiisque
828 217 926 275 maior!

71 293 223 349 (bustitue
235 292 296 353 law,
305 293 412 359 (annul,
422 291 585 370 aliquando,
594 291 779 367 Brutorum,
790 297 824 355 C.
834 297 926 367 Cassii,

71 377 123 430 t'u.
138 372 267 433 llonritii.
278 372 463 439 (traiani,
475 372 654 450 reliquomm
671 394 769 452 quarn
785 377 858 434 velis
874 397 927 435 esse

71 471 202 509 currsuru:
225 452 333 509 alcuni
354 452 506 530 crapulam,
521 452 651 530 inquam,
669 462 701 511 ct
724 455 843 514 exhala
885 457 927 514 Au

72 534 149 590 fucos
163 532 357 589 ruluuneurlru·
372 540 436 589 suut
450 552 521 610 quae
536 525 592 610 [te]
607 533 745 592 excitent
757 542 861 595 tantae
872 556 928 594 eau-

72 634 118 671 uue
136 613 378 670 irulunnientorui
419 612 621 690 Numquamne
636 613 790 692 intelligis
807 624 928 674 statuen-

72 693 140 750 ‹luru
163 694 215 750 tibi
238 715 297 749 esse
318 702 413 750 utrum
436 692 485 760 illi,
498 692 546 769 qui
568 692 654 748 istam
677 713 744 751 rem
768 704 925 772 gesseruut,

73 773 233 829 lmurieirlae
256 775 312 829 siut
336 792 370 829 un
391 772 518 829 vindices
542 771 707 831 libertatis?
751 775 845 834 XIII.
884 782 922 832 31.

75 854 200 909 litterale
218 853 294 908 enirn
312 852 466 929 paullisper
482 852 753 931 cogitationemque
772 856 868 914 sobrii
880 856 926 913 ho

74 934 158 989 ruinis
173 942 311 1008 punctum
323 933 461 1009 temporis
475 932 593 1010 suscipe.
629 931 705 1009 Ego,
718 936 775 1011 qui
791 956 858 994 sum
870 937 926 994 illo

73 1032 144 1073 nun.
159 1025 186 1067 ur
205 1013 263 1086 ipse
278 1011 379 1081 fateor,
392 1012 549 1083 familiaris,
561 1019 594 1069 ut
607 1030 625 1068 a
638 1019 667 1068 te
685 1032 809 1090 arguor,
823 1017 923 1086 socius,

73 1111 147 1165 nego
165 1091 320 1169 quidquam
343 1111 403 1148 esse
420 1092 564 1150 medium:
586 1090 728 1150 confiteor
745 1113 810 1166 eos,
823 1097 880 1153 nisi
896 1095 925 1152 li-

74 1171 216 1229 beratores
237 1171 478 1249 populiltomaui
498 1177 773 1249 conservatoresque
796 1176 840 1233 rei
857 1175 924 1253 pub

74 1253 144 1310 lirae
161 1253 227 1323 sint,
240 1251 304 1330 plus
321 1272 406 1328 quarn
424 1252 547 1322 sicarios,
559 1252 624 1329 plus
641 1270 729 1327 quem
746 1252 921 1326 homicidas,

72 1334 137 1410 plus
151 1335 236 1391 etiarn
250 1352 334 1410 quun
347 1332 499 1410 parricidas
514 1351 590 1390 csse:
612 1331 636 1387 si
652 1332 774 1409 quidem
792 1343 839 1392 est
852 1344 924 1393 atro

73 1415 133 1470 cius
157 1415 265 1491 patriae
290 1420 435 1489 parentem
462 1431 546 1488 quam
572 1430 655 1468 suurn
680 1412 826 1472 occidere.
870 1415 921 1485 Tu,

72 1493 161 1549 luuuo
179 1495 291 1571 sapiens
308 1500 337 1549 et
357 1491 542 1561 considerato,
556 1491 625 1568 quid
642 1490 737 1549 dicisl
778 1493 814 1550 Si
836 1495 924 1572 parri·

72 1575 159 1643 cidus,
172 1594 222 1630 cur
236 1573 353 1629 lionoris
367 1591 451 1629 eausa
464 1590 481 1627 a
494 1571 523 1628 tc
538 1578 645 1628 suntet
658 1571 689 1627 in
703 1570 761 1628 lroc
776 1575 883 1632 ordine
895 1581 923 1632 et

72 1655 149 1731 apud
175 1654 314 1731 populum
338 1652 500 1708 Romanum
524 1670 635 1728 semper
659 1651 820 1728 appellati?
863 1654 923 1712 Cur

73 1734 111 1791 M.
122 1735 229 1791 Brutus
244 1734 384 1790 referente
398 1739 426 1789 tc
441 1730 552 1807 legibus
568 1737 612 1787 est
625 1731 743 1801 solutus,
757 1732 781 1789 si
796 1733 836 1790 ab
852 1734 922 1792 urbe

73 1815 137 1890 plus
159 1834 245 1890 (praru
267 1813 365 1869 decern
387 1812 447 1868 dics
468 1811 603 1868 afuisset?
644 1810 703 1867 Cur
722 1811 784 1869 ludi
807 1812 922 1891 Apolli-

72 1912 153 1950 nares
179 1892 338 1949 incredibili
364 1892 402 1948 M.
418 1892 503 1949 Bruti
527 1891 636 1947 honore
661 1890 816 1949 celebratil
860 1893 921 1951 Cur

72 1973 234 2048 prouinciae
242 1972 343 2038 Bruto,
350 1971 448 2027 Cassio
458 1972 557 2028 datae?
574 1973 920 2046 curquaestoresadditil

73 2069 123 2106 cur
143 2052 301 2125 legatorum
325 2068 460 2105 numerus
482 2051 600 2108 auctusl
640 2049 739 2126 Atque
760 2049 833 2108 haec
856 2060 921 2110 aeta

72 2149 124 2206 per
140 2139 176 2185 te.
220 2130 284 2185 Non
301 2129 390 2205 igitur
407 2128 573 2186 homicidas.
616 2128 753 2205 Sequitur
768 2136 802 2187 ut
817 2130 920 2189 libera·

73 2218 149 2267 tores
160 2217 210 2266 tuo
223 2209 336 2279 iudicio,
347 2209 462 2286 quando
475 2209 590 2286 quidem
604 2209 720 2266 tertium
736 2209 808 2266 nihil
820 2219 920 2287 potest

73 2310 140 2348 esse.
185 2288 324 2358 aa'Quid
337 2291 399 2346 est?
420 2308 489 2345 nuru
507 2288 647 2346 conturbo
662 2290 721 2345 tel·
750 2288 818 2346 Non
837 2292 919 2348 enim

73 2372 194 2429 fortasse
203 2371 357 2447 satis‚quae
366 2370 522 2427 diiunctius
531 2369 672 2438 dicuutur,
682 2368 826 2445 intelligis.
859 2370 920 2429 Sed

73 2459 168 2508 taruen
184 2452 252 2508 hace
268 2470 379 2507 summa
393 2458 436 2506 cst
449 2448 641 2508 conclusionis
654 2466 753 2505 meae:
776 2449 919 2524 quoniam

74 2531 176 2587 scelere
191 2551 208 2587 a
222 2540 250 2588 tc
265 2531 376 2587 liberati
390 2528 465 2598 sunt,
476 2530 512 2586 ab
526 2529 627 2586 eodem
643 2527 827 2604 amplissimis
837 2547 921 2605 prac-

74 2611 139 2666 miis
157 2611 341 2685 dignissimos
358 2611 506 2667 iudicatos.
550 2609 650 2685 Itaque
668 2608 724 2664 iam
743 2616 841 2664 retexo
857 2629 921 2666 ora-

74 2690 182 2746 tionem
195 2710 296 2746 ineam.
333 2689 459 2746 Scribam
472 2690 509 2745 ad
520 2689 591 2756 illos,
603 2696 642 2753 ut,
654 2687 676 2744 si
689 2687 738 2764 qui
750 2688 824 2744 forte
837 2690 920 2764 quod

74 2788 91 2825 a
107 2777 136 2825 te
151 2770 222 2825 milri
240 2770 383 2826 obiectum
402 2776 444 2826 cst
462 2776 597 2845 quaerent
612 2769 685 2824 sitne
700 2786 806 2834 verum,
818 2786 855 2823 uc
870 2770 919 2827 eui

75 2856 188 2924 negent.
225 2849 340 2906 Etenim
352 2868 450 2905 vereor
463 2869 499 2906 ue
514 2856 563 2906 aut
577 2849 699 2905 celatum
715 2867 760 2904 me
775 2847 830 2903 illis
845 2848 919 2924 ipsis

75 2948 133 2985 uon
151 2930 303 2987 honestum
323 2936 372 2986 aut
389 2929 541 2985 invitatum
559 2929 698 3004 refugisse
715 2927 786 2984 mihi
804 2927 841 2983 sit
859 2936 919 2983 tur-

75 3008 234 3084 pissimum.
267 3009 345 3078 Quae
357 3009 433 3065 cuim
448 3027 492 3064 res
502 3028 648 3085 umquam,
658 3008 731 3084 proh
743 3015 838 3064 sancte
850 3006 918 3084 lup-

75 3089 166 3163 pitcrl
188 3109 246 3146 non
263 3089 351 3145 modo
366 3089 395 3145 iu
412 3088 465 3145 hac
482 3088 560 3158 urbe,
572 3088 623 3145 scd
636 3089 665 3144 iu
683 3087 816 3144 omnibus
833 3087 917 3143 terris

76 3174 119 3223 est
135 3176 217 3242 gesta
232 3168 341 3226 maiori
366 3187 438 3247 quae
455 3167 624 3246 gloriosiori
646 3187 722 3243 quac
737 3166 919 3222 commentia
