1988 3480
291 439 333 527 n.
355 461 502 527 runnu
532 462 765 527 oronnorns

41 612 44 618 ’
104 604 943 699 raornruonrtouuoniuoluruuous

439 801 624 812 ...ι-..ψ

159 922 209 973 EX
227 921 501 974 COMMENTARIIS
518 923 549 985 Q.
562 922 706 975 ASCONII
723 921 883 973 PEDIANI.

135 1023 209 1071 Hanc
233 1023 299 1070 dixit
324 1022 370 1071 Cn.
390 1022 511 1084 Pompeio
537 1023 587 1070 Ill.
607 1023 707 1070 consule
732 1039 754 1072 a„
777 1023 800 1071 d.
816 1023 863 1070 VI.
886 1023 947 1071 Idus

100 1088 182 1151 April.
202 1088 236 1150 [a.
249 1105 272 1136 u.
285 1103 306 1137 c.
319 1087 387 1150 702]ι
422 1088 494 1148 Quod
509 1087 628 1135 iudicium
646 1104 703 1136 cum
717 1097 839 1148 ageretur,
852 1089 946 1136 exerci-

101 1163 154 1202 tum
168 1155 193 1201 in
208 1155 262 1201 foro
275 1164 299 1202 et
311 1154 426 1201 omnibus
440 1154 466 1200 in
479 1153 584 1214 templis,
596 1168 661 1215 quae
676 1154 768 1200 circum
784 1154 864 1199 forum
878 1164 944 1214 sunt,

100 1220 250 1267 collocatum
262 1235 277 1266 a
288 1220 333 1267 Cn.
342 1220 463 1280 Pompeio
477 1218 552 1265 fuisse
564 1233 614 1265 non
624 1226 722 1265 tantam
734 1232 766 1265 ex
777 1217 823 1264 hac
835 1219 946 1266 oratione

100 1294 127 1332 et
144 1284 282 1341 annalibus,
294 1285 337 1332 sed
351 1285 428 1331 etiam
444 1299 478 1331 ex
495 1284 557 1330 libro
575 1292 685 1346 apparet,
698 1283 740 1345 qui
758 1283 885 1330 Ciceronis
902 1298 946 1331 no-

102 1350 169 1398 mine
181 1350 323 1397 inscribitur
335 1349 364 1396 dc
376 1349 465 1409 optino
476 1363 562 1410 penore
574 1357 696 1397 oratorum
710 1347 742 1411 [c.
754 1349 778 1394 4.
789 1345 803 1406 ἓ
816 1346 866 1408 10].

251 1489 567 1541 ARGUMENTUM
597 1491 682 1541 HOC
712 1491 798 1542 EST.

135 1591 165 1639 T.
177 1591 276 1638 Annius
292 1591 356 1638 Milo
373 1600 398 1638 et
416 1591 446 1638 P.
460 1590 573 1638 Plautius
590 1590 722 1653 Hypsaeus
740 1599 765 1639 et
782 1590 813 1651 Q.
827 1590 944 1640 Metellus

102 1656 185 1718 Scipio
197 1657 354 1705 consulatum
363 1657 486 1718 petierunt
497 1669 547 1703 non
559 1656 639 1704 solum
651 1656 782 1717 largitione
793 1657 875 1719 palam
888 1673 945 1718 pro-

102 1723 166 1781 fusa,
178 1722 221 1769 sed
233 1723 310 1770 etiam
321 1722 469 1769 factionibus
483 1731 637 1769 armatorum
651 1722 777 1770 succincti.
815 1722 905 1770 Miloni
919 1732 944 1771 et

102 1788 192 1836 Clodio
204 1802 315 1835 summae
326 1795 396 1835 erant
405 1786 557 1846 inimicitiae,
566 1787 633 1849 quod
643 1796 668 1835 et
677 1787 740 1835 Milo
750 1788 877 1836 Ciceronis
890 1798 944 1837 erat

102 1853 287 1900 amantissimus
299 1853 324 1900 iu
339 1852 528 1914 reducendoque
542 1867 571 1900 eo
581 1852 657 1900 enixe
669 1867 770 1914 operam
782 1853 818 1901 rei
830 1854 944 1915 publicae

101 1919 204 1966 dederat
224 1928 249 1966 et
266 1919 295 1966 P.
309 1918 412 1967 Clodius
433 1918 547 1965 restituto
565 1918 680 1966 Ciceroni
697 1926 753 1966 erat
769 1918 943 1968 infestissimus

101 1984 206 2046 ideoque
223 1999 320 2032 summe
337 1984 452 2031 studebat
472 1983 587 2044 Hypsaeo
604 1993 629 2031 et
644 1983 753 2045 Scipioni
766 1992 854 2032 contra
869 1985 943 2032 Milo·

101 2065 166 2098 uem.
203 2050 242 2097 Ac
256 2065 329 2111 saepe
343 2050 409 2097 inter
423 2063 449 2095 se
464 2048 525 2095 Milo
539 2057 564 2096 et
576 2049 679 2096 Clodius
694 2065 751 2097 cum
765 2050 816 2097 suis
828 2050 942 2098 factioni-

102 2115 148 2163 bus
165 2117 258 2163 Romae
271 2115 481 2176 depugnaveraut,
493 2123 518 2160 et
532 2123 603 2161 erant
620 2124 724 2176 uterque
741 2115 845 2163 audacia
860 2131 939 2178 pares,

101 2180 145 2227 sed
157 2181 219 2227 Milo
230 2195 276 2241 pro
286 2179 427 2228 melioribus
439 2179 550 2241 partibus
564 2179 653 2226 stabat.
690 2181 824 2228 Praeterea
837 2181 860 2227 in
873 2196 943 2229 eum-

102 2245 160 2292 dem
177 2260 271 2292 annum
289 2244 445 2292 consulatum
464 2244 534 2303 Milo,
551 2243 652 2292 Clodius
673 2255 814 2307 pr=acturam
831 2247 938 2307 petebat,

102 2326 178 2371 quam
191 2310 297 2357 debilem
309 2310 419 2357 futuram
431 2309 530 2358 consule
542 2309 637 2357 Milone
648 2310 809 2369 intelligebat
843 2311 942 2358 Deinde

102 2390 159 2422 cum
178 2375 219 2421 diu
237 2383 316 2422 tracta
331 2383 414 2422 essent
431 2359 532 2422 comitia
548 2374 686 2422 consularia
703 2375 837 2436 perficique
851 2377 882 2422 ob
899 2392 942 2424 eas

102 2440 146 2500 ips
148 2455 168 2486 rs
182 2440 291 2500 perditas
304 2439 493 2487 candidatorum
510 2440 680 2487 contentiones
692 2455 742 2486 nou
753 2450 861 2501 possent,
872 2449 897 2489 et
910 2442 942 2490 ob

102 2505 128 2551 id
140 2519 223 2551 mense
235 2504 351 2551 Ianuario
363 2505 424 2551 nulli
436 2504 495 2551 dum
507 2519 586 2566 neque
600 2504 713 2552 consules
724 2520 805 2567 neque
817 2514 942 2568 praetores

102 2579 184 2617 essent
197 2569 384 2631 tralrereturque
396 2569 448 2616 dies
462 2569 548 2617 eodem
563 2584 612 2631 quo
625 2579 699 2616 antea
713 2570 796 2630 modo,
809 2586 865 2618 curn
878 2571 942 2619 Milo

102 2650 177 2696 quam
189 2634 295 2695 primum
307 2635 407 2681 comitia
417 2635 506 2682 confici
517 2634 591 2681 vellet
603 2634 785 2697 conficeretque
797 2651 853 2683 cum
865 2636 942 2684 bono-

102 2715 158 2746 rum
172 2699 266 2757 studiis,
279 2699 345 2761 quod
357 2700 492 2748 obsistebat
506 2698 602 2758 Clodio,
615 2707 668 2746 tum
682 2701 759 2748 etiam
772 2700 857 2763 populi
869 2717 942 2763 prop—

103 2774 141 2812 ter
154 2764 244 2812 effusas
258 2763 400 2823 largitiones
413 2764 585 2826 impensasque
599 2764 715 2812 ludorum
729 2767 899 2815 scaenicorum
912 2781 942 2814 ac

102 2829 241 2889 gladiatorii
259 2829 366 2876 muneris
384 2831 516 2889 maximas,
527 2829 553 2876 in
571 2845 631 2891 quas
649 2831 697 2876 tria
713 2831 864 2890 patrimonia
880 2831 942 2879 effu-

103 2895 168 2942 disse
186 2910 242 2942 eum
261 2894 348 2941 Cicero
368 2893 499 2953 significat,
514 2896 688 2956 competitores
705 2894 759 2942 eius
778 2896 876 2944 trahere
892 2895 940 2944 vel-

102 2960 165 3019 lent,
175 2960 280 3020 ideoque
297 2960 430 3020 Pompeius
446 2973 522 3019 gener
538 2960 660 3022 Scipionis
677 2969 702 3007 et
714 2959 743 3007 Τ.
755 2961 884 3008 Munatius
898 2961 942 3009 tri-

102 3026 181 3072 bunus
192 3025 269 3087 plebis
281 3025 367 3072 referri
378 3023 411 3071 ad
423 3031 537 3072 senatum
551 3025 582 3072 de
594 3025 705 3086 patriciis
715 3025 961 3077 caturcensem&

102 3090 250 3150 interregem
261 3089 402 3152 proderent,
413 3104 465 3138 nou
478 3098 566 3140 essent
574 3090 658 3154 passi,
666 3089 907 3139 caminensem
912 3090 979 3135 um·
