1988 3480
95 124 143 173 272
172 122 208 170 IN
228 121 264 171 Μ.
279 120 474 172 Ascordum
489 119 625 170 ORATIO
642 120 877 173 PHILIPPICA
895 124 933 174 11.

96 224 186 280 miuus
203 223 331 278 omnium
352 222 482 296 gentium
499 221 624 278 maxime
640 220 956 294 barbaros‚1turaeosr‚

95 322 159 359 cum
178 303 291 374 sagittis
304 302 423 359 deducis
439 302 468 358 in
483 301 596 358 fomurl
631 300 781 360 Praesidii
799 323 857 361 sua
873 324 956 362 causa

95 404 124 437 ur·
140 383 232 437 fruere
246 382 324 439 dicit.
368 382 472 439 Mune
487 382 575 457 igitur
588 381 707 438 miliens
721 383 825 459 perire
840 393 886 442 est
900 405 953 442 me

96 462 149 517 lius
167 481 252 538 qmuu
271 463 300 518 in
318 481 368 518 sum
385 462 502 518 ci·.·itutc
521 461 583 517 siue
598 470 783 519 armatorum
804 465 954 540 praesidio

97 561 152 598 uon
169 561 250 618 posse
263 543 373 598 rivere?
414 541 470 597 Sed
482 540 590 597 nullum
607 548 650 598 est
662 541 749 613 istuc,
762 543 845 600 mihi
861 545 953 615 crede,

96 621 276 698 prm-sidium.
309 623 435 679 l'mituto
445 630 474 677 te
484 628 513 677 et
523 620 727 678 benevolentia
741 622 860 680 civium
876 644 953 702 saep

96 714 158 758 tum
180 710 291 778 oportet
318 722 386 770 esse,
403 720 460 756 uon
482 701 578 756 aeneis.
620 705 689 757 113.
706 700 832 779 Eripict
855 712 886 761 et
908 724 952 761 ex-

96 781 310 857 torquebimur
334 782 387 837 ista
408 779 532 857 populus
547 779 705 848 Romanus,
721 782 844 840 utinam
868 784 952 841 salvis

96 861 195 918 uobis!
238 861 294 916 Sed
320 880 437 937 quoquo
460 859 548 916 modo
571 858 724 916 nobiscum
751 864 863 938 egeris,
881 864 950 920 dum

98 941 159 996 istis
175 940 301 996 consiliis
319 942 413 1008 uteris,
426 960 483 996 nou
501 946 593 1016 potes,
604 938 677 995 mihi
694 940 793 1010 crede,
804 961 873 1000 esse
890 943 951 1000 diu·

96 1029 204 1076 uuum.
243 1019 355 1075 Etenim
368 1020 422 1075 istu
432 1029 482 1076 tuo
495 1019 614 1075 minime
627 1038 713 1075 avara
726 1022 850 1093 coniux,
862 1043 950 1101 quam

97 1120 151 1173 ego
168 1099 228 1155 siue
245 1098 419 1155 contumelia
433 1099 575 1168 describo,
583 1099 707 1155 nimium
722 1099 778 1156 diu
792 1101 886 1160 debet
900 1123 951 1180 po·

97 1180 165 1257 pulo
187 1179 318 1236 Romarm
339 1179 454 1235 tertiam
474 1179 652 1256 pensionem.
692 1178 797 1237 Habet
818 1183 949 1259 populus

111 1263 246 1317 {ornianus
261 1260 297 1316 ad
315 1279 387 1336 quos
403 1258 593 1336 gubemacula
606 1259 648 1315 rei
661 1257 801 1335 publicae
813 1261 949 1321 deferat:

98 1342 145 1416 qui
165 1341 336 1416 ubicumque
354 1347 491 1396 termnum
509 1346 583 1409 sunt,
596 1337 637 1395 ibi
651 1345 695 1395 est
709 1357 801 1398 omne
814 1343 859 1399 rei
877 1342 950 1420 puli

98 1421 167 1477 lirae
181 1420 353 1496 praesidium
369 1419 412 1476 vel
430 1420 527 1495 potius
543 1420 606 1495 ipsa
621 1437 666 1475 res
681 1417 812 1494 publiea,
824 1440 902 1498 quae
919 1441 950 1480 se

98 1500 190 1556 udlmc
212 1508 323 1556 tuntum
344 1499 433 1555 modo
454 1499 514 1556 ulta
534 1506 584 1568 est,
599 1497 730 1555 nondum
751 1503 948 1577 recuperavit.

98 1580 194 1636 Habet
210 1579 324 1655 quidem
340 1586 415 1636 certe
429 1599 475 1636 res
487 1577 601 1655 publica
613 1577 815 1636 adolescentes
827 1581 949 1640 nobilis

98 1661 187 1716 simus
200 1668 315 1735 paratos
330 1659 504 1716 defensores
544 1658 635 1726 Quum
650 1657 758 1728 volent,
768 1658 815 1716 illi
829 1661 950 1734 cedant,

98 1741 158 1796 otio
176 1739 372 1796 consulentes:
394 1748 492 1796 tauron
511 1759 528 1794 e
543 1758 572 1794 re
589 1736 706 1814 publicu
719 1739 949 1800 revocabuntur.

98 1819 135 1876 Et
153 1839 257 1876 nomen
278 1819 356 1895 pacis
378 1819 460 1876 dulce
480 1826 523 1875 est
543 1825 573 1874 el
593 1818 655 1894 ipsa
670 1836 717 1874 res
736 1817 882 1893 saluteris,
896 1823 949 1880 sed

98 1900 172 1955 inter
188 1919 287 1975 pacem
305 1907 334 1955 et
352 1900 516 1955 servitutem
533 1897 689 1974 plurimum
706 1897 837 1958 interest.
882 1901 948 1959 Pax

98 1987 140 2035 est
157 1978 310 2053 tranquilla
326 1978 449 2046 libertae,
462 1979 583 2034 servitus
598 1984 775 2054 postremum
796 1979 948 2039 malorum

98 2058 236 2124 onmium,
249 2075 307 2111 non
324 2056 414 2112 modo
427 2056 511 2127 bello,
524 2057 574 2114 sed
587 2064 682 2114 morte
697 2056 785 2114 ctiam
803 2060 950 2136 repellen-

98 2137 176 2193 dum.
221 2140 286 2191 114.
302 2134 387 2202 Quod
401 2136 426 2192 si
442 2156 471 2192 se
486 2137 564 2213 ipsos
581 2137 622 2194 illi
636 2137 729 2194 nostri
741 2136 916 2197 liberatores
930 2161 948 2198 c

98 2224 252 2294 conspectu
270 2223 368 2272 nostro
385 2215 576 2287 abstulerunt,
584 2224 615 2274 at
631 2216 796 2293 exemplum
812 2218 889 2278 facti
904 2240 948 2278 re·

98 2298 250 2374 liquerunt.
294 2296 348 2367 Illi,
361 2297 440 2373 quod
456 2316 542 2353 nemo
563 2297 829 2367 fecerat,fece1r1nt.
876 2299 949 2357 Tar-

99 2379 229 2454 quinium
246 2377 354 2434 Brutus
376 2377 452 2433 bello
472 2383 515 2433 est
535 2384 717 2452 persecutus:
738 2377 871 2453 quitum
893 2399 946 2437 rex

99 2459 163 2527 fnit,
176 2478 241 2514 cum
259 2477 320 2513 esse
334 2457 442 2513 Romae
460 2450 585 2533 [regem]
600 2456 710 2514 licebat.
753 2455 802 2532 Sp.
813 2456 945 2530 Cassius,

99 2538 147 2613 sp.
161 2536 288 2605 Maelius,
307 2537 346 2593 M.
359 2537 482 2593 Manlius
502 2544 621 2613 propter
643 2536 830 2613 suspitionem
858 2540 946 2615 regni

99 2617 253 2693 appetendi
268 2625 334 2672 sunt
349 2618 449 2673 necati.
486 2617 527 2673 Hi
541 2617 666 2693 primum
681 2636 746 2673 cum
761 2616 867 2692 gladiis
882 2638 944 2676 non

99 2698 127 2752 iu
151 2717 268 2772 reguum
290 2705 481 2773 appetentem,
498 2697 594 2754 sedin
614 2704 778 2772 regnantem
797 2697 944 2773 impetum

99 2778 236 2834 feceruut.
279 2776 364 2844 Quod
382 2796 447 2832 eum
465 2777 560 2852 ipsum
576 2777 685 2832 factum
703 2796 754 2852 per
771 2795 800 2832 se
817 2777 945 2853 praecla-

99 2878 161 2914 rum
183 2864 226 2914 est
246 2864 331 2933 atque
352 2857 481 2913 divinum
503 2864 565 2913 tum
587 2857 747 2932 expositum
770 2856 807 2913 ad
826 2857 945 2915 imitan-

100 2938 168 2993 dum
186 2945 236 3007 est,
250 2937 414 3012 praesertim
433 2956 497 2992 cum
517 2936 557 2992 illi
575 2955 637 2992 eam
654 2936 774 3011 gloriam
792 2938 942 2995 consecuti

100 3018 156 3073 sint
174 3037 245 3093 quae
263 3016 309 3071 vix
327 3016 404 3072 caelo
422 3017 484 3092 capi
502 3036 584 3091 posse
600 3015 736 3072 videatur.
780 3015 843 3072 Etsi
860 3017 941 3074 enim

100 3098 168 3154 sutis
192 3098 221 3153 in
245 3097 308 3173 ipsa
332 3097 507 3152 conscientia
531 3095 713 3174 pulcherrimi
735 3095 804 3152 facti
827 3096 943 3154 fructus

99 3185 166 3246 emt,
179 3184 275 3234 tamen
286 3175 399 3233 mortali
414 3175 665 3233 imumriuliimcm
673 3193 737 3229 urm
749 3175 870 3228 uriiumr
885 3192 950 3227 cusu

89 3258 343 3320 eorrtcrrrrrondam.
