1988 3480
82 110 138 178 iet
218 127 289 177 rao
306 127 336 177 r.
351 125 466 176 auaro
482 126 623 178 manua
639 126 781 178 carme.

81 236 106 279 et
120 244 193 290 supra
208 228 320 276 Bovillas
331 227 503 289 inopinantem
517 228 543 274 in
557 227 645 276 itinere
659 228 819 288 adgressum:
839 227 875 275 aa·
888 230 920 279 Ρ.

81 294 196 343 Clodium
210 294 289 342 tribus
300 293 441 341 vulneribus
455 294 563 355 acceptis
575 294 685 340 Bovillas
697 293 827 355 perlatum,
840 295 925 342 taber-

81 375 147 418 nam,
162 360 188 406 in
206 375 282 421 quam
296 359 445 420 profugerat,
457 369 624 420 expugnatam
641 375 657 405 a
674 360 784 406 Milone:
805 360 926 407 semiani-

81 440 147 472 mem
160 424 275 472 Clodium
287 434 427 471 extractum
438 425 513 472 iuria
523 425 604 486 Appia
616 425 725 471 occisum
734 440 795 484 csse,
807 426 924 472 anulum-

81 505 129 552 qne
140 490 192 537 cins
204 491 226 537 ei
238 490 352 537 morienti
365 490 519 538 detractum:
539 490 629 536 deinde
640 490 768 547 Milonem,
779 505 837 537 cum
849 491 927 538 sciret

81 556 106 602 in
119 555 221 603 Albano
233 555 364 618 parvulum
375 555 454 602 filium
469 555 558 612 Clodii,
569 556 666 602 venisse
678 556 711 601 nd
723 555 814 613 villum,
828 565 852 602 et
865 571 924 603 cum

81 635 143 697 puer
159 629 220 668 ante
235 622 374 668 subtractus
391 630 467 680 esset,
477 636 511 667 ex
530 636 601 668 seruo
620 621 736 667 Halicore
751 622 926 682 quaestionem

81 695 117 734 ita
128 687 251 746 habuisse,
260 695 287 733 ut
299 701 357 734 enm
368 685 518 733 articulatim
530 695 684 733 eonsecaret:
704 686 803 732 vilicum
813 695 923 746 praeter-

81 766 111 800 ea
124 761 150 799 et
163 752 227 799 duos
243 766 326 799 servos
340 751 480 810 iugulasse:
498 766 531 798 ex
546 752 621 798 serris
636 751 728 810 Clodii,
738 752 779 812 qui
794 751 924 798 dominum

82 815 245 878 defenderint,
254 816 367 864 undecim
381 831 434 864 esse
442 816 585 864 interlectos
595 834 601 863 ι
623 816 709 863 Miloni
719 817 781 863 duos
792 817 857 863 solos
867 832 927 863 sau·

82 882 132 929 cios
145 882 223 929 factos
234 897 302 929 esse:
323 882 358 928 ob
366 881 559 943 quaeMiloncm
569 890 667 942 postero
678 882 717 929 die
730 882 861 928 duodecim
873 897 925 929 ser-

82 961 133 1006 uos,
144 947 186 1008 qui
197 947 307 994 maxime
319 961 418 1007 operum
431 957 570 1004 navassent,
581 961 656 994 umnu
667 947 770 1001 misisse,
782 947 928 1009 populoque

82 1012 196 1059 tributim
211 1012 307 1070 singula
324 1012 393 1058 milia
409 1012 473 1058 aeris
490 1011 522 1058 ad
539 1012 706 1059 defendendos
724 1012 754 1059 de
772 1028 799 1059 se
812 1027 927 1059 rumores

82 1077 186 1124 dedisse.
224 1076 289 1124 Milo
306 1076 402 1124 misisse
422 1075 455 1124 ad
472 1077 518 1124 Cn.
534 1077 682 1138 Pompeium
704 1078 839 1136 dicebatur,
855 1078 925 1138 quod

83 1143 200 1205 Hypsaeo
210 1142 436 1202 summestudebat‚
446 1143 512 1204 quod
522 1143 600 1189 iuerat
610 1143 661 1189 eius
669 1153 791 1204 quaestor,
805 1143 927 1190 desistere

83 1223 109 1256 se
126 1208 246 1270 petitione
263 1207 413 1267 consulatus,
429 1207 449 1254 si
466 1208 502 1254 ita
519 1208 543 1254 ei
560 1208 700 1255 rideretur:
720 1209 870 1272 l'ornpeium-
885 1224 924 1256 re-

83 1273 210 1335 spondisse
222 1273 314 1321 nemini
323 1288 349 1320 se
360 1287 441 1335 neque
449 1273 548 1334 petendi
561 1288 641 1335 neque
651 1273 785 1320 desistendi
795 1281 926 1321 auctorem

82 1354 143 1398 esse,
154 1353 234 1401 neque
245 1338 328 1400 populi
339 1338 446 1386 Romani
456 1346 605 1400 potestatem
616 1348 660 1386 aut
671 1338 801 1386 consilium
813 1348 856 1385 aut
868 1354 925 1386 sen—

82 1405 186 1452 teutiam
198 1404 417 1466 interpellaturum.
448 1403 547 1451 Deinde
559 1419 601 1465 per
613 1405 641 1452 C.
652 1405 784 1462 Lucilium,
795 1405 836 1465 qui
848 1419 925 1466 prop-

83 1479 120 1518 ter
137 1471 173 1518 Μ.
184 1470 311 1517 Ciceronis
328 1469 522 1517 familiaritatem
541 1469 635 1516 amicus
655 1479 708 1516 erat
728 1469 828 1529 Miloni,
843 1471 927 1529 egisse

83 1550 182 1598 quoque
189 1535 323 1592 dicebatur,
335 1549 367 1582 ne
377 1549 404 1582 se
412 1535 443 1581 de
452 1534 499 1581 bac
507 1549 535 1581 re
541 1535 689 1582 consulendo
696 1535 789 1582 insidia
798 1544 925 1584 oneraret

116 1601 186 1649 Inter
197 1601 258 1648 haec
272 1615 330 1648 cum
344 1601 508 1648 crebresceret
520 1615 612 1659 rumor,
624 1600 670 1647 Cu.
680 1600 829 1662 Pompeium
844 1601 926 1648 creari

83 1666 232 1714 dictatorern
244 1675 364 1728 oportere,
375 1679 456 1727 neque
467 1664 539 1712 aliter
550 1665 616 1712 mula
630 1665 736 1712 civitatis
748 1665 828 1713 sedari
840 1681 925 1728 posse,

83 1732 163 1779 visum
175 1740 213 1780 est
224 1731 385 1793 optimatibus
398 1731 478 1778 tutius
487 1745 540 1778 esse
551 1745 608 1777 eum
622 1731 749 1778 consulem
764 1732 817 1779 sine
828 1732 928 1791 collega·

84 1797 170 1855 creari,
181 1806 206 1844 et
223 1811 282 1843 curn
297 1805 404 1842 tractata·
419 1811 450 1842 ea
466 1810 509 1842 res
525 1805 589 1842 esset
606 1796 631 1842 in
649 1804 744 1856 senatu,
757 1797 823 1844 lacto
840 1798 865 1844 in
884 1798 923 1844 M.

84 1862 166 1909 Bibuli
179 1861 327 1908 seutentiam
338 1862 363 1909 S.
373 1861 412 1918 C,
423 1860 558 1922 Pompeius
566 1861 599 1909 ab
607 1861 730 1920 interrege
738 1864 806 1910 Serv.
815 1863 927 1924 Sulpicio

84 1928 117 1974 V.
130 1927 187 1974 Kal.
199 1927 274 1973 Mart.
286 1940 371 1972 mense
385 1925 543 1973 intercalario
559 1926 645 1973 consul
658 1937 755 1974 creatus
770 1935 815 1987 est,
828 1928 924 1975 statim·

84 2007 131 2054 qtae
145 1991 304 2038 consulatum
315 1990 378 2037 iniit.
415 1991 515 2038 Deinde
525 2001 580 2054 post
592 1991 660 2039 diem
670 1993 773 2040 tertium
785 1994 816 2040 de
828 1993 927 2053 legibus

84 2057 154 2103 novis
171 2055 278 2103 ferendis
294 2056 405 2103 rettulit:
426 2057 492 2103 duas
505 2071 539 2104 ex
556 2059 579 2105 S.
592 2057 620 2105 C.
632 2059 805 2119 promulgarit,
819 2058 925 2106 alteram

84 2122 115 2168 de
128 2122 161 2179 vi,
173 2136 223 2183 qua
234 2121 382 2168 nominatim
394 2122 495 2169 caedem
509 2122 537 2168 in
547 2122 631 2184 Appia
644 2124 685 2170 ria
698 2124 788 2171 biotam
804 2134 830 2171 ct
840 2124 926 2171 iucen-

85 2187 153 2233 dium
163 2187 245 2234 curiae
254 2194 279 2234 et
287 2186 389 2234 domum
399 2187 435 2235 M.
444 2187 533 2249 Lepidi
542 2187 672 2247 interregis
682 2197 848 2250 oppugnatam
857 2204 927 2236 com-

84 2251 222 2313 prehendit,
233 2251 337 2299 alteram
351 2252 382 2300 de
395 2253 615 2314 ambitu‚.poenam
628 2254 767 2312 gratiorem
780 2263 804 2301 et
819 2255 926 2301 formam

84 2317 233 2364 iudiciorum
250 2317 401 2365 breuiorem:
421 2326 528 2380 utraque
541 2319 609 2366 enim
627 2319 668 2366 lex
685 2319 753 2381 prius
768 2327 842 2366 testes
859 2319 924 2378 dari,

84 2382 174 2430 deinde
185 2397 234 2430 uno
247 2383 286 2430 die
301 2391 376 2444 atque
390 2383 481 2431 eodem
489 2393 515 2430 et
526 2384 558 2430 ab
569 2392 712 2432 accusatore
721 2393 745 2431 et
758 2385 788 2431 ab
801 2399 843 2430 reo
854 2398 925 2445 pero-

85 2449 134 2496 rari
147 2448 254 2508 iubebat,
268 2449 304 2495 ita
318 2457 345 2495 ut
356 2448 421 2496 duae
431 2448 508 2496 borae
521 2449 781 2505 accusator·i,tres1·eo
795 2449 922 2496 darentur.

87 2515 133 2561 llis
146 2514 240 2574 legibus
257 2514 377 2561 obsistere
390 2514 426 2561 M.
438 2514 537 2562 Caelius
551 2515 662 2562 tribunus
676 2514 720 2575 pl.‚
731 2514 927 2561 studiosissimus

86 2579 194 2640 Milonis,
206 2590 309 2627 conatus
321 2587 368 2638 est,
378 2579 446 2641 quod
457 2588 482 2626 et
493 2579 650 2640 privilegium
661 2580 753 2627 diceret
765 2580 791 2626 in
803 2578 926 2627 Milonem

85 2646 141 2692 ferri
160 2653 185 2692 et
198 2644 291 2691 iudicia
304 2644 474 2706 praecipitari:
493 2653 518 2691 et
532 2659 588 2690 cunr
605 2646 753 2706 pertinacius
767 2645 846 2704 legem
862 2645 926 2692 Cae-

85 2710 131 2757 lius
144 2711 301 2771 vituperaret,
311 2725 340 2756 eo
352 2710 471 2771 processit
483 2710 535 2756 irae
545 2710 687 2771 Pompeius,
699 2719 726 2757 nt
738 2709 838 2767 diceret,
851 2709 872 2756 si
884 2724 927 2756 co-

85 2787 154 2822 actus
169 2787 243 2834 esset,
257 2776 334 2822 armis
352 2790 378 2822 se
396 2774 587 2835 rempublicam
606 2775 770 2822 defensurum
808 2775 926 2821 Timebat

85 2851 168 2888 autem
180 2841 316 2902 Pompeius
325 2840 446 2887 Milonem
459 2854 501 2886 seu
513 2840 600 2887 timere
614 2855 640 2887 se
652 2840 799 2887 simulabat:
820 2839 928 2901 plerum.-

85 2921 133 2968 qne
145 2922 193 2953 non
205 2906 273 2953 domi
283 2921 350 2965 suae,
360 2905 403 2952 sed
415 2905 441 2962 in
453 2904 531 2951 bortis
544 2906 667 2962 manebat,
678 2905 840 2967 idqueipsutn
850 2906 875 2951 in
885 2921 927 2951 su-

85 2972 227 3033 perietibus,
238 2972 304 3018 circa
318 2985 378 3032 quos
393 2971 469 3017 etiam
483 2984 574 3028 magna
590 2985 679 3016 munus
694 2971 800 3016 militum
818 2970 928 3017 excuba-

87 3040 134 3085 bat.
172 3038 290 3086 Senatum
309 3050 406 3098 quoque
423 3035 499 3081 semel
517 3045 616 3094 repente
635 3035 762 3082 dimiserat
780 3036 924 3095 Pompeius,

85 3102 151 3162 quod
170 3103 263 3150 diceret
280 3102 368 3148 timere
385 3115 411 3147 se
428 3100 561 3146 adventum
582 3100 690 3147 Milonis.
728 3101 793 3147 Dein
811 3101 929 3161 proximo

74 3175 166 3211 senatu
182 3168 209 3212 P.
224 3166 374 3214 Cornificius
388 3165 485 3214 ferrum
496 3165 620 3213 Milonem
632 3167 696 3213 intra
710 3167 821 3213 urnicum
835 3165 929 3213 babere
