1988 3480
72 123 120 172 178
244 123 314 174 PRO
332 123 368 172 M.
383 122 577 172 MARCELLO
595 123 737 173 ORATIO.

72 220 131 284 quin
145 219 206 270 haec
224 221 285 284 ipsu,
295 236 359 285 quae
373 221 438 270 inira
454 221 551 282 legitur,
562 222 642 270 oratio
658 237 689 270 eu
705 223 759 284 ipsa
775 223 923 282 gratiarum

72 287 137 334 actio
150 286 190 346 sit,
201 302 264 350 quae
275 302 325 335 non
339 287 420 336 solum
432 289 516 335 multis
528 289 746 347 grammaticorum
757 286 821 335 locis
833 299 861 336 et
876 304 923 336 no-

73 351 207 400 rationibus
218 352 434 414 laudatur,rerum
447 355 523 401 etiam
535 355 588 415 ipsa
599 355 773 401 auctoritatem
783 353 923 402 Tullianae

72 415 228 478 eloquentiae
239 417 337 466 ridetur
348 433 407 481 prae
419 435 444 466 se
456 419 599 467 ferre-M.
611 428 695 466 autem
709 418 850 467 Marcellus
864 420 922 468 din-

73 482 122 529 tius
140 482 266 544 Mytilenis
284 493 393 532 moratus
411 493 528 546 sequente
545 484 646 531 demum
663 498 728 531 anno
741 484 791 531 iter
807 485 921 533 Romam

73 548 175 608 pararit,
188 562 239 610 que
256 549 281 596 iu
297 549 385 598 itinere
404 565 461 597 cum
478 550 609 597 Piraeeum
626 550 741 608 venisset,
752 565 769 596 a
787 549 817 598 P.
829 550 921 609 Magio

73 612 161 660 Cilone
172 613 315 662 interiectus
327 625 401 690 atque
414 631 429 662 u
442 617 493 662 b'er.
502 614 610 689 Sulpicio
623 614 695 673 Rufo,
707 615 748 677 qui
757 614 811 661 eius
820 615 921 674 collega

73 677 98 724 iu
119 679 249 726 consulatu
269 680 378 739 fuer,at
372 695 397 727 rn
415 680 545 741 gimnasio
564 679 716 727 Academico
735 679 850 740 sepultus
869 688 917 739 est,

74 743 121 792 r.id
134 744 262 792 Ciceronis
277 762 313 807 qr.
327 717 363 792 ud
370 743 523 808 solicitiores,
536 745 577 792 lib.
589 745 621 792 V.
627 758 680 807 ,ep
692 745 732 804 42,
743 743 773 791 cl.
785 744 920 794 Ciceronis

73 823 110 870 ep.
121 797 482 871 ‹tdAtttcun1,lib.Xlll.,.ep
496 812 533 869 10,
547 808 595 867 §3.

114 933 136 990 Ι
172 940 196 990 1.
208 933 346 990 Diuturni
357 935 470 1006 silentii,
481 942 530 1013 pat
532 955 576 992 res
590 935 751 1011 conscripti,
765 911 823 1011 quo
838 955 919 992 eram

74 1012 147 1069 hist
136 1013 314 1103 temporibus
334 1033 409 1085 usus,
425 1034 483 1074 uon
500 1015 604 1072 timore
625 1015 729 1091 alique,
741 1015 792 1071 sed
809 1016 916 1091 partim

74 1092 172 1149 dolore
174 1092 297 1184 ,partim
313 1059 481 1151 verecdndia
494 1093 581 1153 finem
596 1094 752 1151 hodiernus
766 1094 828 1151 dies
842 1102 920 1152 attu-

75 1170 108 1228 lit
109 1216 117 1242 ,
96 1172 262 1249 tidemque
279 1172 394 1231 initium
416 1193 487 1250 quae
508 1174 609 1231 vellem
631 1192 758 1250 quaeque
779 1174 918 1231 sentirem

74 1271 139 1308 meo
156 1252 278 1329 pristino
295 1272 374 1310 more
391 1253 513 1310 dicendi.
555 1253 677 1310 Tantam
692 1253 769 1310 enim
786 1272 919 1312 mansue

74 1331 214 1402 tudinem,
226 1339 286 1390 tam
303 1332 468 1390 inusitatam
486 1332 701 1409 inauditamque
722 1332 916 1404 clementiam,

74 1419 188 1468 tantum
202 1413 233 1469 in
248 1431 359 1468 summa
373 1419 515 1488 potestate
532 1413 662 1468 omnium
676 1431 769 1468 rerum
783 1412 916 1482 modum,

74 1499 135 1548 tam
152 1492 275 1569 denique
292 1490 487 1549 incredibilem
504 1492 674 1568 sapientiam
690 1511 722 1548 ac
736 1510 827 1568 paene
843 1492 919 1549 divi·

75 1591 141 1628 nam
159 1571 263 1629 tacitus
279 1572 431 1648 praeterire
452 1570 531 1627 nullo
551 1571 640 1627 modo
661 1590 785 1648 possum.
831 1577 857 1627 2.
875 1571 915 1629 M.

75 1652 152 1708 enim
162 1651 294 1710 Marcello
305 1651 394 1723 vobis,
403 1659 497 1728 patres
508 1651 670 1728 conscripti,
678 1651 775 1728 reique
783 1650 918 1727 publicae

75 1732 196 1803 reddito,
209 1751 267 1789 nou
284 1732 360 1789 illius
377 1731 477 1801 solum,
491 1730 541 1787 sed
558 1731 643 1788 etiarn
662 1750 754 1787 meam
768 1748 868 1787 vocem
887 1739 918 1789 et

75 1812 274 1870 auctoritatem
295 1810 377 1868 vobis
401 1817 430 1867 et
450 1811 491 1867 rei
515 1810 645 1889 publicae
666 1816 860 1867 conservatam
884 1830 917 1868 ac

75 1893 235 1949 restitutam
253 1898 333 1968 puto,
375 1889 517 1947 Dolebam
538 1891 623 1962 enim,
635 1897 730 1967 patres
749 1889 915 1966 conscripti,

75 1980 104 2028 et
118 1970 300 2028 vehementer
311 1969 445 2045 angebar,
462 1963 540 2043 [cum
554 1967 692 2046 viderem]
707 1969 800 2025 virum
817 1968 915 2040 talem,

76 2051 125 2127 qui
140 2051 169 2106 in
184 2050 283 2107 eadem
298 2068 381 2106 eausa
395 2057 476 2119 esset,
488 2050 518 2105 in
534 2068 590 2125 qua
603 2068 657 2125 ego
670 2049 798 2119 fuissem,
810 2067 869 2105 non
885 2050 917 2106 in

76 2129 174 2187 eadem
186 2148 246 2186 esse
257 2130 381 2200 fortuna,
392 2148 443 2186 nee
457 2128 529 2185 mihi
540 2129 708 2206 persuadere
718 2135 848 2205 poteram
862 2148 917 2186 nec

75 2211 120 2266 fas
137 2228 197 2266 esse
218 2208 356 2266 ducebam
373 2209 477 2266 versari
492 2227 539 2266 me
556 2208 587 2265 iu
604 2216 702 2265 nostro
719 2215 813 2265 vetere
830 2209 918 2264 curri·

76 2290 140 2347 culo
156 2288 206 2346 illo
223 2289 334 2346 aemulo
351 2296 437 2365 atque
453 2289 598 2346 imitatore
615 2288 773 2345 studiorum
792 2306 824 2344 ae
838 2286 918 2345 labo

76 2389 139 2426 rum
160 2388 290 2427 meorum
311 2369 392 2446 quasi
413 2368 538 2445 quodam
560 2368 637 2424 socio
659 2387 676 2425 a
696 2374 792 2424 meet
808 2367 917 2425 comite

76 2449 220 2506 distracto.
256 2449 333 2526 Ergo
345 2456 373 2506 et
383 2449 456 2505 mihi
463 2467 549 2526 Jneae
563 2448 699 2524 pristinae
710 2447 784 2505 vitae
799 2465 918 2504 cousue-
937 2489 939 2495 .

76 2529 215 2598 tudinem,
226 2528 257 2586 G.
270 2528 381 2599 Caesar,
394 2528 575 2586 interclusam
593 2527 729 2604 aperuisti
743 2533 776 2594 ct
791 2526 838 2583 his
855 2545 918 2582 om·

77 2608 161 2664 nibus
177 2609 213 2665 ad
230 2608 302 2665 bene
319 2607 355 2665 de
372 2608 452 2665 omni
468 2627 498 2666 re
515 2607 629 2685 publica
646 2606 816 2683 sperandum
832 2606 919 2683 *quasi

77 2687 191 2763 signum
208 2687 324 2764 aliquod
341 2687 488 2745 sustulisti.
532 2695 557 2744 3.
578 2686 758 2744 Intellectum
777 2691 821 2743 est
837 2687 918 2743 enim

77 2766 149 2823 mihi
171 2767 287 2843 quidem
308 2767 337 2822 in
358 2768 457 2824 multis
478 2774 507 2824 et
523 2767 647 2824 maxime
666 2767 696 2823 in
717 2785 764 2822 me
780 2766 853 2842 ipso,
866 2766 919 2822 sed

77 2845 173 2922 paullo
192 2853 257 2903 ante
276 2847 306 2902 in
326 2846 467 2916 omnibus
483 2865 548 2903 cum
569 2846 607 2903 M.
619 2845 784 2903 Marcellum
805 2846 919 2902 senatui

77 2925 173 3001 reique
184 2924 313 3002 publicae
328 2926 499 2995 concessisti,
508 2926 738 2983 commemoratis
748 2924 918 3001 praesertim

78 3004 292 3076 offensionibus
305 3013 334 3062 te
351 3005 549 3062 auctoritatem
566 3004 652 3061 huius
669 3005 777 3062 ordinis
794 3004 918 3080 dignita-

79 3090 193 3161 temque
207 3085 248 3141 rei
262 3084 391 3160 publicae
404 3083 462 3140 tuis
475 3082 519 3140 vel
534 3083 680 3140 doloribus
694 3084 738 3141 vel
753 3083 918 3160 suspitioni-

71 3161 125 3218 bus
137 3163 289 3223 anteferre.
326 3163 379 3223 Ille
392 3163 511 3243 quidem
520 3163 653 3222 lruotum
662 3164 759 3219 omnis
768 3170 837 3217 ante
845 3169 928 3216 actas
