1988 3480
77 118 109 165 86
274 112 344 163 PRO
361 114 391 163 L
407 112 559 165 mantuan
576 112 720 165 canalo.
818 172 823 179 Ι

77 224 227 295 propterea
251 215 329 293 <prod
351 215 525 273 renuntiatio
549 214 654 291 gradus
676 214 773 289 babet,
795 218 938 296 dignitas

76 308 172 353 antem
190 303 232 351 est
247 314 381 372 persuepe
398 294 497 353 endem
514 295 652 351 omnium.
694 294 753 353 Sed
767 306 932 374 quaestura

77 376 223 452 utriusque
245 394 333 452 prope
355 374 473 432 anulum
494 376 556 452 pari
576 382 724 432 morucnto
745 378 836 434 sortis
857 380 928 440 filit.

78 456 187 512 llabuit
200 455 245 512 hic
257 455 318 529 lege
329 454 353 511 T
355 454 406 511 itia
416 454 592 531 provinciam
603 456 720 511 tacitam
732 464 762 513 ct
773 458 927 533 quietam:

76 548 106 593 tu
123 535 208 601 illam,
221 535 275 603 cni,
287 554 352 591 cum
368 541 531 611 quaestores
548 534 713 603 sortiuntur,
725 535 816 592 etiam
833 539 928 597 accla-

76 616 145 673 mari
158 615 237 685 solet,
248 615 418 684 Ostiensem,
429 633 487 671 non
498 622 558 669 tam
568 614 722 691 gratiosam
737 622 767 672 et
776 614 925 677 illustrem

76 716 160 772 «quirun
176 695 354 769 rregotiosam
372 702 401 751 ct
415 694 572 751 molestam.
615 693 754 752 Consedit
768 696 925 775 utriusque

75 795 179 832 immun
195 776 224 831 in
240 782 396 850 quaestura
440 773 558 831 Nullum
576 774 652 831 enim
666 773 748 830 vobis
765 794 829 833 sors
845 796 925 835 cam-

75 874 143 930 pum
162 854 242 911 dedit
257 855 285 910 in
301 874 358 930 quo
376 873 520 911 excurrere
537 854 627 910 virtus
644 855 838 932 cognoscique
855 876 924 934 pos-

75 940 124 990 set.
169 940 214 995 19.
237 932 350 1009 Reliqui
365 934 503 1011 temporis
517 934 641 1010 spatium
656 935 684 990 in
700 935 921 995 contentionem

75 1021 209 1069 vocatur:
235 1012 270 1069 ab
287 1022 408 1090 utroque
426 1013 616 1071 dissimillima
634 1015 744 1071 ratione
760 1022 920 1075 tractatum

75 1100 124 1149 est.
151 1091 203 1150 IX.
217 1092 330 1150 Servius
339 1093 385 1150 hic
394 1093 544 1151 nobiscum
553 1093 770 1151 bancurbanam
779 1094 919 1154 militiam

74 1173 273 1249 respondendi,
286 1174 435 1245 scribendi,
448 1174 574 1245 cavendi,
586 1174 699 1251 plenam
714 1167 920 1234 sollicitudinis

74 1272 106 1309 ac
121 1254 267 1325 stomachi,
280 1262 393 1312 secutus
410 1261 469 1311 est:
491 1255 535 1311 ius
552 1255 634 1312 civile
650 1255 767 1312 didicit:
789 1255 917 1315 multum

74 1334 210 1411 vigilavit,
228 1335 383 1392 laboravit:
406 1340 519 1411 praesto
539 1335 638 1392 multis
658 1335 732 1392 fuit:
755 1335 917 1395 multorum

74 1415 224 1471 stultitiam
245 1434 394 1492 perpessus
415 1422 465 1486 est,
484 1416 681 1491 adrogantiam
701 1415 918 1492 pertulit'diffi·

73 1494 208 1552 cultatem
227 1495 387 1552 exsorbuit:
409 1496 481 1551 vixit
497 1496 534 1552 ad
548 1497 668 1552 aliorum
685 1495 842 1568 arbitrium,
854 1516 917 1556 non

74 1575 110 1632 ad
133 1596 223 1633 suum.
266 1576 372 1653 Magna
395 1576 456 1633 laus
479 1583 507 1634 et
528 1583 609 1652 grata
633 1576 798 1633 hominibus
821 1596 917 1636 unum

74 1655 220 1714 hominem
243 1657 385 1715 elaborare
407 1658 437 1713 in
460 1676 493 1713 ea
514 1657 639 1727 scientia,
660 1675 732 1733 quac
755 1656 792 1713 sit
813 1657 917 1716 multis

73 1738 230 1812 profutura
274 1744 320 1794 20.
344 1736 420 1805 Quid
440 1736 558 1793 Murena
578 1737 703 1794 intereat
744 1734 916 1796 Fortissimo

73 1823 102 1872 et
121 1817 331 1892 sapientissimo
350 1817 419 1885 viro,
436 1835 548 1873 summo
568 1816 732 1893 imperatori
749 1816 861 1893 legatus
879 1816 913 1876 L

74 1894 190 1951 Lucullo
202 1896 275 1952 tuit:
296 1896 392 1971 quain
403 1895 545 1971 legatione
560 1895 643 1953 duxit
656 1896 819 1965 exercitum,
830 1897 916 1974 signa

72 1973 203 2043 contulit,
221 1994 337 2031 manum
359 1975 509 2045 consumit,
527 1995 646 2052 magnas
667 1976 764 2052 copias
784 1975 914 2034 hostium

72 2053 157 2124 indit,
170 2053 253 2109 urbes
267 2055 370 2129 partim
385 2055 421 2125 vi,
433 2055 538 2132 partim
553 2054 702 2112 obsidione
716 2056 799 2132 cepit,
810 2056 913 2114 Asiam

73 2134 157 2190 istam
174 2133 307 2189 refertam
324 2142 353 2191 ct
370 2135 498 2192 eamdem
516 2134 665 2192 delicatam
683 2135 723 2192 sic
741 2135 821 2206 obiit,
833 2143 867 2192 ut
880 2137 913 2194 iu

73 2233 105 2269 ca
121 2231 213 2289 neque
228 2213 360 2270 auantiae
377 2234 469 2292 neque
483 2215 609 2272 luxuriae
623 2215 776 2291 vestigium
793 2215 913 2293 relique-

72 2293 125 2349 rit:
148 2293 273 2349 maximo
291 2293 320 2349 in
336 2293 411 2351 bello
429 2295 468 2352 sic
485 2301 528 2352 est
544 2301 678 2365 versatus,
693 2302 727 2352 ut
743 2295 789 2351 hic
806 2295 912 2353 multas

72 2392 116 2429 res
135 2380 163 2430 ct
179 2393 297 2450 magnas
316 2374 375 2431 sine
392 2375 562 2452 imperatore
581 2375 706 2449 gesserit,
722 2375 830 2432 nullam
850 2376 911 2433 sino

71 2451 127 2509 hoc
151 2454 311 2530 imperator.
353 2455 451 2532 Atque
474 2454 544 2510 hacc
569 2471 741 2530 quamquam
763 2461 911 2531 praesente

71 2532 102 2589 L.
112 2532 229 2591 Lucullo
240 2535 347 2611 loquar,
356 2541 451 2591 tamen
462 2553 498 2590 ne
509 2532 544 2589 ab
554 2532 616 2608 ipso
627 2541 744 2609 propter
752 2533 910 2610 periculum

73 2619 201 2668 nostrum
223 2633 383 2671 concessam
405 2613 552 2670 videamur
572 2611 674 2669 habere
695 2613 838 2670 licentiam
859 2613 912 2670 fin-

72 2691 167 2766 gendi,
179 2693 301 2769 publicis
317 2690 420 2749 litteris
436 2698 539 2750 testata
555 2699 622 2747 sunt
639 2693 742 2762 omnia,
756 2693 860 2770 quibus
877 2692 907 2751 L

72 2769 205 2827 Lucullus
219 2777 331 2826 tantum
344 2764 393 2846 [ei]
405 2771 496 2827 laudis
506 2771 653 2847 impertiit,
664 2779 802 2847 quantum
817 2792 909 2850 neque

72 2850 240 2906 ambitiosus
254 2849 408 2925 imperator
421 2869 512 2926 neque
526 2850 640 2906 invidus
650 2851 773 2908 tribuere
787 2852 868 2909 alteri
879 2853 909 2910 in

72 2928 309 2985 communicanda
327 2928 418 3004 gloria
434 2928 539 2986 debuit.
583 2935 629 2987 21.
652 2930 770 2987 Summa
786 2932 816 2988 in
833 2941 910 2989 utro-

72 3028 127 3084 que
142 3015 184 3065 est
194 3007 335 3077 honestae,
347 3027 457 3064 summa
470 3008 610 3083 dignitas:
629 3029 714 3086 quam
729 3030 791 3086 ego,
802 3012 825 3067 si
836 3012 910 3071 mihi

72 3105 122 3164 per
133 3087 262 3144 Servium
273 3085 364 3157 liceat,
375 3088 436 3164 pari
447 3094 531 3165 atque
545 3088 644 3145 eadem
656 3091 685 3146 in
696 3090 778 3147 laude
792 3110 907 3165 ponam.

72 3166 129 3223 Sed
151 3186 209 3223 non
231 3166 304 3224 licet.
352 3165 455 3240 Agitat
476 3187 536 3226 rem
560 3168 729 3227 militarem:
755 3170 909 3232 insectatur
