1988 3480
80 126 96 170 2
188 122 237 170 DE
255 120 407 198 IMPERIQ
425 120 477 170 CN.
494 119 645 170 POMPEH
662 119 803 171 ORATIO.

80 223 181 294 adhuc,
194 223 244 280 sed
257 223 331 278 vitae
345 241 426 280 meac
439 222 563 279 rationes
576 221 611 279 ab
623 222 738 279 ineunte
752 229 843 279 aetate
858 242 914 280 sus

80 309 178 378 ceptae
194 301 409 379 prohibuerunt.
452 302 527 358 Nam
545 321 610 359 cum
627 308 711 358 antea
726 321 777 378 per
793 309 915 359 aetatem

80 381 209 438 nondum
225 381 310 438 huius
331 383 529 439 auctoritatem
546 381 601 439 loci
622 382 761 458 attingere
782 382 915 438 auderem

80 468 289 538 statueremque
299 461 371 524 nihil
382 461 438 518 huc
448 462 503 517 nisi
514 462 673 538 perfectum
687 461 811 536 ingenie,
824 461 917 518 clabo-

79 548 174 598 ratum
194 541 334 598 industria
354 541 459 598 adferri
477 548 615 617 oportere,
632 559 716 597 omne
732 560 828 597 meum
846 548 916 597 tem-

79 640 133 698 pus
157 621 314 677 amicorum
335 620 513 698 temporibus
533 619 783 677 transmittendum
807 622 913 696 putavi.

80 708 106 758 2.
125 700 171 758 Ita
190 720 282 777 neque
300 700 347 757 hic
364 700 443 758 locus
461 719 566 756 vacuus
586 719 722 776 umquam
742 699 799 756 fuit
816 700 851 756 ab
871 701 914 772 iis,

80 781 129 857 qui
148 786 270 837 vestram
291 799 405 836 causam
426 779 619 849 defenderent,
635 786 664 836 01
684 799 765 836 meus
785 779 865 836 labor
884 781 915 837 in

78 860 254 936 privatorum
265 859 397 935 periculis
411 865 486 916 caste
497 859 661 935 integreque
672 865 798 915 versatus
812 879 845 915 ex
857 879 915 916 ves-

79 946 124 995 110
149 938 256 995 iudicio
281 939 408 995 fructum
436 945 479 995 est
502 938 710 1015 amplissimum
737 946 912 997 consecutus.

79 1018 155 1074 Nam
174 1038 239 1075 cum
258 1025 376 1095 prepter
392 1018 559 1075 dilationem
579 1018 761 1074 comitiorum
778 1025 821 1075 ter
837 1038 916 1094 prac-

79 1105 125 1155 101
138 1099 247 1174 primus
266 1098 401 1155 centuriis
420 1098 530 1154 eunctis
546 1098 724 1155 renuntiatus
745 1098 914 1169 sun1,facile

78 1177 213 1247 intellexi,
226 1177 358 1248 Quirites,
371 1184 400 1234 et
417 1177 486 1254 quid
503 1177 538 1234 de
557 1196 603 1234 me
620 1177 782 1234 iudicaretis
799 1185 828 1235 et
845 1179 915 1254 quid

78 1257 141 1314 aliis
162 1257 396 1334 praescriberetis
439 1256 523 1312 Nunc
546 1275 612 1313 curn
634 1263 663 1313 et
685 1257 862 1314 auctoritatis
884 1259 913 1314 in

77 1357 125 1394 me
145 1344 258 1395 tantum
280 1337 324 1408 sit,
341 1342 479 1413 quantum
498 1355 548 1392 vos
568 1335 725 1393 honoribus
745 1337 914 1393 mandandis

78 1435 138 1474 esse
149 1416 287 1487 voluistis,
298 1423 326 1473 01
337 1415 373 1472 ad
384 1414 527 1491 agendum
541 1414 687 1472 facultatis
697 1423 817 1486 tantum,
829 1435 915 1492 quan-

78 1503 141 1553 tum
157 1496 269 1553 homini
282 1495 413 1573 vigilanti
427 1515 461 1552 cx
478 1494 586 1552 forensi
600 1514 654 1552 usu
667 1515 756 1573 prope
771 1496 915 1552 cotidiana

78 1576 192 1634 dicendi
208 1575 372 1633 exercitatio
392 1574 489 1652 potuit
513 1573 633 1646 adferre,
651 1581 725 1632 certe
750 1581 778 1632 et
799 1576 823 1631 si
844 1576 914 1650 quid

77 1655 254 1714 auctoritatis
270 1655 300 1712 in
316 1674 363 1712 me
380 1661 431 1726 est,
446 1655 523 1732 apud
544 1674 593 1712 000
614 1661 684 1724 0101,
698 1654 746 1730 qui
765 1673 828 1711 eam
842 1654 914 1710 mihi
954 1706 956 1710 .

77 1735 224 1806 dederunt,
237 1740 265 1792 et
280 1735 304 1791 si
322 1735 391 1811 quid
408 1735 438 1791 in
455 1734 577 1792 dicendo
592 1733 727 1810 consequi
741 1753 866 1809 possum,
878 1735 914 1789 iis

77 1815 226 1871 ostendam
237 1814 427 1889 potissimum,
439 1815 487 1890 qui
501 1814 527 1871 ei
543 1832 656 1891 quoquc
670 1813 710 1868 rei
721 1812 846 1869 fructum
862 1832 914 1868 suo

77 1893 183 1951 iudicio
205 1892 388 1950 tribuendum
410 1912 469 1950 esse
491 1893 640 1951 duxerunt.
684 1897 710 1949 3.
727 1891 824 1969 Atque
843 1891 914 1950 illud

76 1973 107 2030 in
128 1972 229 2049 primis
249 1972 321 2029 mihi
340 1972 504 2030 laetandum
523 1973 583 2030 iure
604 1991 664 2030 esse
678 1971 771 2043 vide0,
787 1973 865 2050 quod
884 1973 913 2029 in

31 2074 35 2081 ·
76 2052 130 2127 hac
147 2051 262 2108 insolita
277 2051 350 2109 mihi
367 2072 400 2109 ex
417 2051 472 2109 hoc
489 2052 552 2109 loco
569 2053 679 2110 ratione
696 2053 810 2110 dicendi
831 2073 915 2110 eausa

77 2131 141 2188 talis
159 2130 253 2188 oblata
272 2138 322 2201 est,
334 2132 364 2188 in
383 2151 439 2209 qua
459 2133 550 2189 010110
565 2133 662 2190 deesse
683 2133 791 2190 nemini
812 2133 912 2209 possit.

77 2210 240 2268 Dicendum
255 2217 297 2267 cst
308 2211 383 2267 enim
399 2212 434 2268 de
446 2211 498 2286 Cn.
509 2212 642 2289 Pompeii
654 2213 788 2289 singulari
800 2213 915 2270 eximia-

78 2311 132 2368 que
143 2290 265 2347 virtute:
287 2290 372 2347 huius
386 2298 482 2347 autem
497 2292 634 2348 orationis
648 2292 791 2349 difficilius
804 2293 912 2348 0010111-

77 2379 140 2428 tum
158 2389 243 2448 quam
259 2370 433 2447 principium
453 2371 587 2428 invenire.
629 2370 675 2427 Ita
690 2371 763 2426 mihi
778 2390 837 2427 non
854 2378 914 2427 tam

77 2451 161 2527 copia
175 2469 260 2527 quam
274 2450 377 2506 modus
392 2450 421 2504 in
436 2449 558 2506 dicendo
573 2450 748 2525 quaerendus
763 2456 812 2506 est.

118 2530 155 2587 ΙΙ.
198 2535 225 2589 4.
247 2529 345 2608 Atque
366 2536 399 2586 111
420 2529 488 2585 inde
511 2529 602 2585 oratio
625 2548 689 2585 mea
710 2527 913 2605 proficiscatur,

77 2609 153 2667 unde
167 2609 236 2668 hacc
254 2610 347 2668 omnis
364 2629 448 2666 00000
464 2608 586 2679 ducitur,
597 2607 704 2664 bellum
721 2625 806 2683 grave
823 2615 851 2665 01
867 2627 915 2685 pe

78 2690 230 2746 riculosum
246 2691 345 2747 vestris
360 2687 545 2765 vectigalibus
562 2706 594 2743 ac
611 2687 695 2743 sociis
709 2706 726 2744 a
739 2687 851 2744 duobus
865 2708 915 2765 po-

78 2769 246 2825 tentissimis
266 2769 380 2845 regibus
401 2769 531 2838 infertur,
547 2766 713 2824 Mithridate
734 2773 763 2824 et
782 2766 912 2845 Tigrane,

79 2867 200 2924 quorum
214 2848 284 2905 alter·
297 2848 418 2918 relictus,
428 2848 499 2904 alter
509 2847 654 2904 lacessitus
669 2847 845 2904 occasionem
860 2848 914 2905 sibi

78 2928 115 2984 ad
143 2928 336 3003 occupandam
361 2928 462 2984 Asiam
493 2926 618 2983 oblatam
646 2945 706 2982 0000
733 2926 912 2984 arbitrantur.

78 3006 232 3083 Equitibus
255 3007 400 3076 Romanis,
419 3006 627 3063 honestissimis
651 3005 726 3077 viris,
747 3005 915 3063 adferuntur

78 3105 112 3143 ex
129 3085 201 3143 Asia
214 3087 317 3144 cotidie
331 3086 450 3156 litterae,
464 3105 584 3162 quorum
599 3105 719 3162 magnae
733 3105 777 3142 res
791 3092 915 3162 aguntur

66 3165 99 3216 in
118 3167 217 3221 vestris
235 3165 422 3242 vectigalibus
439 3166 605 3225 exercendis
621 3172 777 3242 occupatae
784 3183 795 3220 ·.
815 3166 865 3238 001
880 3165 920 3221 ad
