1988 3480
299 127 377 177 cnr.
394 127 522 190 ur-xr,
540 126 554 186 5
570 130 659 178 21-27.
852 130 903 179 227

58 237 123 286 tore
139 229 227 286 domo
244 229 355 306 prolata
371 228 571 286 defendimus:
593 248 640 286 eas
657 229 741 306 leges,
755 248 824 306 quas
841 230 902 307 ipsc

59 309 144 367 nobis
158 308 385 385 inspectantibus
398 309 536 379 recitavit,
545 309 749 385 pronuntiavit,
757 308 833 379 tulit,
842 310 902 387 qui·

60 390 114 447 bus
135 389 200 446 latis
223 388 398 465 gloriabatur
419 386 516 464 eisque
540 387 651 464 legibus
673 393 733 445 rem
755 388 900 465 publicam

59 469 200 526 contineri
219 467 347 545 putabat,
363 467 409 525 de
420 467 582 544 provinciis,
598 467 633 525 de
654 467 775 543 iudiciis,
791 487 845 539 eas,
861 469 902 526 in-

60 569 155 625 quam,
168 547 296 605 Caesaris
315 546 394 624 leges
410 566 472 618 nos,
485 547 534 623 qui
549 547 734 604 defendimus
753 554 818 604 acta
833 548 902 606 Cae

59 630 137 699 saris,
156 627 322 685 evertendas
346 628 500 703 putamus?
542 632 588 683 25.
608 625 652 684 Ac
675 627 711 684 de
735 627 781 684 his
803 634 899 685 tamen

59 707 178 785 legibus,
196 727 267 785 quae
284 705 482 784 promulgatae
500 714 574 777 sunt,
591 706 690 764 saltem
709 707 788 784 queri
804 727 902 784 possu-

58 807 138 845 mus:
161 789 196 845 de
213 788 256 859 iis,
269 807 342 864 quae
361 787 419 844 iam
440 786 513 844 latae
534 787 677 858 dicuntur,
692 806 728 844 ne
749 787 821 844 illud
840 788 902 864 qui·

58 867 126 924 dem
141 868 228 925 licuit
265 867 333 925 lllae
347 867 425 925 enirn
439 866 501 924 sine
516 866 574 924 ulla
583 866 814 944 promulgatione
827 866 900 925 latae

60 954 126 1005 sunt
136 955 203 1005 ante
214 967 300 1024 quam
315 947 443 1026 scriptae.
479 946 592 1017 Quaero
607 953 702 1004 autem
718 946 789 1024 quid
798 946 837 1004 sit
851 966 901 1004 cur

19 1053 21 1056 ·
59 1034 109 1083 aut
124 1047 177 1104 ego
191 1035 241 1086 aut
253 1028 403 1105 quisquam
417 1033 552 1098 vestrum,
565 1034 661 1104 patres
675 1026 839 1103 conscripti,
851 1025 901 1085 bo

58 1107 104 1163 nis
120 1106 242 1164 tribunis
259 1108 336 1185 plebi
353 1107 430 1185 leges
445 1108 535 1166 malus
555 1113 673 1165 metuat
716 1106 837 1164 Paratos
852 1105 900 1166 ha·

60 1181 158 1244 bemus
170 1188 219 1265 qui
233 1187 427 1245 intercedant:
446 1195 560 1264 paratos
572 1188 692 1264 quirem
704 1186 848 1262 publicam
859 1207 901 1244 re·

61 1262 165 1343 ligione
178 1267 356 1324 defendant:
377 1269 459 1324 vacui
473 1274 552 1324 metu
568 1286 628 1324 esse
642 1265 786 1322 debemus
822 1265 900 1333 Quas
955 1315 959 1322 .

58 1353 91 1403 tu
108 1346 188 1415 mihi,
201 1347 304 1423 inquit,
316 1346 540 1417 intercessiones,
553 1365 623 1422 quas
636 1345 808 1421 religiones?
844 1345 900 1402 Eas

58 1426 174 1495 scilicet,
186 1425 291 1502 quibus
310 1426 351 1482 rei
372 1423 503 1502 publicae
524 1424 599 1483 salus
619 1425 789 1487 continetur.
825 1423 901 1502 Neg-

59 1504 175 1581 ligimus
203 1505 259 1562 ista
282 1512 312 1563 et
334 1505 422 1561 nimis
449 1505 567 1582 antiqua
591 1524 623 1562 ac
648 1505 736 1562 stulta
758 1503 898 1562 ducimus

60 1584 165 1641 Forum
182 1585 342 1661 saepiatur:
365 1603 464 1642 omnes
480 1583 648 1642 claudentur
663 1585 776 1642 aditus:
797 1585 899 1642 armati

59 1665 88 1720 in
110 1664 259 1741 praesidiis
279 1661 379 1721 multis
398 1663 469 1721 locis
489 1663 712 1722 collocabuntur.
756 1670 802 1721 26.
821 1663 899 1733 Quid

58 1745 140 1800 turni
173 1743 260 1812 Quod
274 1745 316 1800 ita
329 1744 383 1800 erit
396 1751 518 1820 gestum,
531 1744 562 1801 id
575 1744 621 1801 lex
635 1745 696 1815 crit,
709 1750 738 1801 et
752 1744 782 1800 in
797 1754 844 1801 aes¹
858 1745 899 1800 in-

58 1824 117 1880 cidi
136 1823 279 1895 iubebitis,
295 1823 388 1895 credo,
403 1823 452 1880 illa
472 1823 616 1900 legitima:
639 1843 791 1882 consutus
808 1843 899 1882 roru-

59 1921 121 1961 uuu
139 1923 210 1961 runs
229 1903 578 1961 accurantur-hocine
591 1923 609 1961 a
622 1902 777 1960 maioribus
791 1904 899 1981 accepi-

58 2003 123 2040 mus
140 1983 184 2040 ius
201 1983 322 2061 rogandi
331 1984 580 2047 l-roruuuueun
600 2003 672 2042 runa
693 2002 798 2041 servir.
841 1983 898 2053 Qui

58 2064 201 2141 populus?
221 2064 290 2135 isne,
304 2062 353 2140 qui
373 2062 504 2120 exclusus
524 2064 589 2120 estl
622 2060 687 2132 Quo
702 2063 779 2121 iuret
799 2083 836 2120 an
853 2083 896 2136 eo,

58 2145 137 2220 quod
154 2144 182 2199 vi
200 2151 229 2200 ot
245 2144 332 2200 armis
348 2162 434 2200 omne
451 2142 595 2200 sublatum
613 2144 672 2200 estl
712 2143 810 2220 Atque
827 2143 898 2202 haec

58 2223 123 2280 dico
145 2223 181 2279 de
200 2224 313 2293 futuris,
327 2222 405 2299 quod
422 2230 464 2279 est
485 2222 641 2279 amicorum
663 2230 728 2280 ante
745 2223 896 2296 dicerem,

60 2302 228 2378 quaeritari
244 2302 373 2378 possint:
394 2321 467 2378 quae
481 2302 505 2358 si
519 2302 596 2359 facta
611 2321 670 2358 non
687 2309 778 2373 erunt,
790 2302 898 2360 refelle-

59 2388 106 2437 tur
123 2381 214 2437 oratio
231 2401 302 2438 moa.
345 2379 460 2457 Loquor
476 2381 512 2438 de
525 2380 636 2457 legibus
653 2381 849 2458 promulgatis
862 2382 898 2440 de

60 2460 164 2537 quibus
185 2466 227 2517 est
245 2461 389 2537 integrum
409 2459 498 2517 vobis,
540 2460 715 2518 Demonstro
734 2461 821 2518 vitia:
845 2461 897 2518 tol·

60 2540 127 2596 lite..
160 2539 308 2597 Denuntio
322 2540 389 2611 vim,
402 2558 496 2596 arma:
518 2540 668 2613 removete.

100 2619 152 2676 XI.
189 2619 235 2676 27.
252 2619 338 2676 Irasci
363 2619 479 2696 quidem
501 2639 551 2675 vos
575 2618 656 2689 mihi,
671 2618 829 2691 Dolabella,
844 2639 897 2696 pro

59 2719 88 2756 re
100 2699 214 2775 publica
228 2699 335 2756 dicenti
346 2719 403 2756 non
418 2698 569 2776 oportebit.
603 2697 782 2775 Quamquam
797 2706 827 2757 te
837 2699 898 2776 qui-

60 2778 125 2835 dem
154 2779 184 2835 id
211 2779 354 2836 facturum
383 2798 441 2835 non
469 2778 607 2835 arbitror:
636 2779 704 2834 novi
728 2779 895 2836 facilitatem

59 2866 155 2915 tuam:
178 2858 315 2934 collegam
328 2865 413 2915 'tuum
427 2858 507 2916 aiunt
518 2858 547 2914 in
562 2857 615 2915 hac
630 2877 680 2914 sua
689 2858 814 2928 fortuna,
825 2878 898 2935 quae

58 2937 136 2994 bona
151 2938 207 3015 ipsi
223 2939 344 3008 videtur,
356 2937 437 3009 mihi,
449 2957 485 2994 ne
498 2938 612 3014 gravius
627 2937 776 3015 quippiam
793 2938 896 3009 dicam,

58 3037 176 3075 avorum
188 3024 216 3076 et
227 3017 359 3075 avunculi
373 3018 416 3074 sui
433 3016 611 3074 consulatum
626 3017 650 3073 si
664 3017 831 3089 imitaretur,
841 3018 897 3074 for-

58 3099 186 3155 tunatior
202 3097 436 3156 videretur-sed
454 3116 519 3154 eum
540 3097 709 3154 iracundum
729 3097 817 3154 audio
837 3117 905 3150 esse

59 3177 175 3236 factum.
206 3177 302 3238 Video
314 3183 412 3237 autem
423 3177 565 3256 quamsit
574 3173 931 3232 antummum
