1988 3480
307 151 385 202 CAP.
403 151 450 201 IV.
456 151 531 212 -.‚v1
549 150 611 210 §8-
613 154 651 201 12.
868 148 897 203 71

58 251 159 390 populi
172 251 296 310 Romani
306 252 426 329 posthac
436 252 583 335 popularis
597 271 657 310 esse
671 253 779 330 possit:
801 246 899 310 adiun-

58 333 102 409 git
120 333 207 390 ctiam
228 332 452 409 publicationem
470 331 621 403 bonorum,
636 339 670 390 ut
690 352 790 390 omncs
811 333 899 390 animi

58 413 199 470 cruciatus
210 421 239 470 et
250 413 377 489 corporis
388 420 416 470 ct
418 413 475 470 iam
490 420 600 489 egestas
611 432 643 469 ac
653 413 824 470 mendicitas
835 433 899 470 con·

58 499 200 569 sequatur.

99 572 151 630 Vl.
189 576 234 630 11.
250 571 343 641 Quam
361 572 398 629 ob
415 592 484 642 rem,
497 572 555 630 sive
569 572 625 630 hoc
640 572 804 644 statueritis,
817 573 900 630 dede-

59 652 121 719 ritis
131 652 205 708 mihi
215 653 351 710 comitem
363 652 399 709 ad
410 653 575 710 contionem
586 652 695 728 populo
707 671 803 709 camm
815 660 900 729 atque

38 778 40 782 Α
58 732 223 803 iucundum,
237 733 295 789 sive
307 732 397 790 Silani
408 732 579 789 sententiam
591 732 671 809 sequi
681 732 847 802 malueritis,
860 733 900 789 fa-

58 812 110 869 cilc
127 819 276 889 meatque
293 831 344 869 vos
364 812 541 870 crudelitatis
561 812 771 890 vituperatione
792 812 900 889 populo

58 891 189 948 Romano
207 892 390 963 exsolventis,
409 900 495 970 atquc
516 892 654 950 obtinebo
675 912 738 950 eam
754 893 847 950 multo
864 892 900 949 le-

59 973 168 1028 niorem
185 972 281 1030 fuisse.
324 972 514 1050 Quamquam,
529 980 624 1049 patres
648 973 812 1050 conscripti,
828 991 900 1050 quae

15 1076 16 1080 ¹
58 1060 224 1129 potestesse
238 1053 268 1109 in
282 1054 356 1110 tanti
371 1053 483 1110 sceleris
494 1053 673 1111 immanitate
684 1054 830 1130 punienda
840 1072 901 1110 cru-

58 1132 178 1190 delitasl
218 1133 282 1210 Ego
297 1134 373 1190 enim
389 1133 424 1191 de
441 1153 507 1191 meo
524 1153 608 1191 sensu
622 1134 726 1191 iudico.
770 1133 845 1190 Nam
859 1133 901 1189 ita

58 1212 129 1269 mihi
145 1212 221 1270 salva
234 1233 264 1270 re
278 1213 393 1290 publica
403 1213 552 1272 vobiscum
566 1215 675 1291 perfrui
690 1215 781 1284 liccat,
792 1220 825 1270 ut
836 1231 898 1288 ego,

59 1293 136 1369 quod
154 1293 183 1349 in
201 1292 254 1350 hac
275 1313 360 1350 causa
375 1293 572 1352 vehementior
588 1314 660 1364 sum,
676 1314 734 1350 non
751 1293 900 1350 atrocitate

59 1373 147 1429 animi
171 1374 413 1449 moveor—quis
436 1381 478 1430 est
502 1375 579 1430 enim
603 1394 650 1430 me
674 1371 901 1431 mitiort-sed

59 1452 197 1528 singulari
218 1453 340 1528 quadam
362 1453 540 1509 humanitate
562 1460 590 1509 et
607 1453 807 1510 misericordia
849 1452 901 1510 Vi-

59 1531 129 1589 deor
146 1531 222 1588 enim
240 1531 311 1587 mihi
326 1531 422 1587 videre
436 1530 509 1588 hanc
523 1531 631 1602 urbem,
644 1533 736 1589 lucem
754 1532 830 1589 orbis
846 1538 901 1589 ter-

60 1630 155 1667 ramm
169 1618 254 1686 atque
269 1630 360 1667 arcem
379 1611 509 1666 omnium
523 1612 662 1687 gentium,
678 1611 773 1668 subito
788 1631 845 1668 uno
859 1612 902 1668 in-

60 1692 163 1748 ccndio
185 1691 400 1748 concidentem:
423 1710 507 1748 cerno
529 1691 625 1748 animo
640 1691 751 1768 sepulta
765 1692 794 1747 in
809 1691 901 1766 patria

60 1772 180 1828 miseros
201 1777 286 1848 atque
307 1770 466 1846 insepultos
489 1790 603 1828 acervos
627 1771 749 1828 civium:
774 1778 902 1829 versatur

60 1851 133 1908 mihi
147 1857 213 1908 ante
230 1851 328 1908 oculos
344 1857 475 1927 aspectus
490 1850 611 1928 Cethegi
628 1857 657 1908 et
670 1851 752 1907 furor
764 1851 794 1907 in
808 1857 902 1908 vestra

60 1931 146 1989 caede
161 1931 331 1989 bacchantis.
369 1936 413 1988 12.
430 1929 504 1988 Cum
519 1950 586 1988 vero
603 1931 675 1987 mihi
689 1931 826 2008 proposui
840 1949 902 2008 reg·

61 2019 177 2068 nantem
188 2011 350 2081 Lentulum,
362 2011 435 2068 sicut
449 2011 510 2088 ipsc
525 2030 554 2068 se
569 2031 694 2088 sperasse
708 2031 742 2068 cx
753 2012 821 2069 fatis
836 2031 901 2068 con-

61 2091 152 2148 fessus
163 2098 213 2162 est,
225 2097 486 2168 purpuratumesse
497 2090 564 2148 huic
575 2091 738 2184 Gabinium,
749 2110 814 2148 eum
826 2110 898 2149 exer-

61 2172 120 2228 citu
137 2172 246 2228 venisse
263 2170 426 2242 Catilinam,
441 2178 504 2227 tum
521 2171 658 2229 lamentat
616 2172 754 2229 tationem
776 2178 900 2229 matrum

61 2251 192 2322 familias,
210 2258 273 2308 tum
274 2251 394 2343 ‘fqgam
418 2252 561 2329 virginum
583 2259 669 2329 atque
690 2271 844 2329 puerorum
868 2269 901 2308 ac

62 2331 241 2388 vexationem
254 2331 398 2407 virginum
409 2331 569 2389 Vestalium
584 2332 774 2409 perhorresco,
787 2339 824 2402 et,
835 2332 903 2408 quia

61 2410 135 2467 mihi
151 2410 333 2468 vehementer
352 2411 422 2468 haec
444 2412 542 2468 vident
530 2419 577 2468 tur
596 2412 700 2468 misera
713 2418 742 2468 at
744 2431 799 2487 quc
820 2412 902 2468 misc-

62 2490 158 2562 randa,
170 2491 301 2548 idcirco
293 2510 324 2547 m
345 2492 464 2567 eosqui
481 2511 515 2548 ea
534 2490 667 2567 perficere
684 2492 842 2562 voluerunt,
855 2509 901 2547 me

63 2589 190 2627 severum
201 2570 456 2647 vehementemque
470 2571 625 2647 praebebo.⁴
657 2570 772 2627 Etenim
788 2590 900 2647 quaero,

63 2649 88 2704 si
105 2650 168 2726 quis
184 2657 265 2727 pater
278 2651 410 2722 familias,
424 2651 519 2707 liberis
536 2651 594 2706 suis
608 2669 625 2706 a
639 2669 719 2706 servo
734 2650 900 2720 interfectis,

64 2747 151 2786 uxore
166 2730 265 2800 occisa,
278 2731 392 2788 incensa
406 2731 502 2800 domo,
515 2730 691 2866 supplticium
699 2729 734 2786 de
749 2749 829 2786 servo
843 2749 901 2786 non

65 2827 157 2900 qnam
167 2809 380 2866 acerbissimum
397 2810 558 2886 sumpserit,
571 2817 667 2866 utrum
684 2810 709 2866 is
730 2808 853 2867 clemens
870 2827 902 2864 ac

64 2889 223 2946 misericors
243 2909 279 2946 an
296 2889 549 2947 inhumanissimus
570 2896 599 2946 et
615 2890 825 2946 cmdelissimus
843 2907 902 2946 csse

64 2969 212 3027 videaturl
246 2969 319 3027 Mihi
330 2990 396 3027 vero
407 2971 590 3106 importunus
604 2989 636 3026 ac
650 2970 766 3040 ferrcus,
780 2970 828 3061 qui
843 2987 902 3025 non

65 3049 162 3106 dolore
173 3056 202 3106 et
216 3030 341 3107 cruciatu
356 3050 484 3106 nocentis
499 3069 582 3106 suum
594 3050 720 3106 dolorem
736 3051 903 3106 οιιιοίιιιιιιι-

65 3147 120 3206 que
134 3129 258 3187 lenieret.
295 3129 342 3187 Sic
356 3149 408 3186 nos
422 3131 453 3186 in
467 3130 512 3186 his
527 3129 700 3200 hominibus,
714 3130 763 3204 qui
780 3131 910 3200 nasoni

65 3210 207 3287 coniuges,
222 3229 270 3288 qur
262 3209 390 3269 liberos
402 3217 521 3269 nostros
532 3209 684 3269 trucidare
693 3202 937 3266 uetuerunt,st
