1988 3480
55 150 59 158 .
92 114 142 159 aad
176 109 213 159 IN
233 109 268 157 M.
283 106 476 159 arrestum
493 106 631 159 ORATIO
646 108 882 161 PHILIPPICA
896 111 918 160 I.

94 210 169 268 euim
180 208 266 266 hodie
274 207 355 265 euius
364 208 475 265 intersit
484 207 569 267 istam
579 206 675 284 legem
687 211 832 268 maneret
859 210 947 268 Nemo

94 309 158 347 reus
175 298 215 344 est
235 287 345 361 legibus
362 288 426 359 illis,
438 307 524 346 nemo
541 307 627 365 quem
644 288 787 347 futurum
806 297 946 367 putemus

94 369 192 426 Annis
213 368 288 424 euim
312 377 394 443 gestu
414 387 571 445 numquam
592 369 732 446 profecto
754 368 787 426 in
811 370 947 428 iudicium

95 448 278 504 vorabuntur.
317 448 357 505 At
373 468 417 505 res
431 447 584 525 popularis.
620 447 750 506 Utinam
766 449 891 527 quidem
905 450 947 507 ali·

95 529 164 605 quid
180 527 289 584 velletis
306 550 365 585 esse
380 528 533 605 populare!
575 527 685 587 Omnes
700 528 782 585 anim
801 530 864 587 iam
878 531 947 587 cives

95 610 131 666 de
149 608 188 666 rei
206 608 336 685 publicae
354 607 444 665 salute
462 627 518 664 uua
534 614 563 664 et
578 614 677 664 mente
694 615 726 665 et
742 628 819 666 voce
834 629 947 667 consen-

96 690 180 746 tiunt.
216 688 296 756 Quae
317 696 360 745 est
379 688 467 761 igitur
487 688 542 744 ista
562 680 706 765 cfipiditas
728 687 807 766 legis
830 690 895 747 eius
911 691 947 746 fe

96 769 208 837 rotulae,
221 789 292 845 ‹prae
309 767 517 845 turpitudinem
535 786 676 825 summam
691 764 815 840 habeat,
828 770 945 846 gratiam

97 849 223 905 uulluml
263 847 340 916 Quid
361 847 437 904 euim
459 847 570 924 turpius
587 865 673 924 quam
691 847 744 922 qui
764 849 945 907 maiestatem

98 928 195 1004 populi
218 927 341 984 Romani
364 927 499 984 minuerit
523 946 574 1003 per
594 926 661 996 vim,
680 945 748 983 eum
775 927 945 986 damnatum

98 1007 204 1063 imlieio
223 1006 339 1062 adeam
359 1007 449 1083 ipsam
464 1007 522 1063 vim
540 1005 650 1076 reverti,
662 1013 787 1083 propter
805 1009 946 1085 quamsit

98 1087 157 1142 iure
172 1085 342 1142 daruuutusl
377 1094 423 1143 22.
437 1086 494 1143 Sed
505 1087 575 1163 quid
585 1085 667 1163 plura
681 1085 716 1143 de
729 1085 796 1164 lege
812 1088 944 1166 disputol

99 1166 177 1243 quusi
192 1185 259 1221 vere
273 1165 303 1222 id
317 1174 418 1242 agatur
433 1173 464 1223 ut
480 1167 629 1243 quisquam
644 1174 793 1242 provocet.
841 1167 879 1225 Id
892 1168 944 1246 agi·

99 1256 153 1316 tur,
166 1245 195 1302 id
212 1246 311 1316 fertur,
323 1265 360 1302 ne
377 1246 441 1323 quis
458 1246 575 1302 omnino
594 1264 732 1322 umquam
751 1246 819 1304 istis
837 1248 944 1326 legibus

99 1346 162 1384 reus
176 1325 233 1383 fiat.
272 1325 344 1394 Quis
360 1327 437 1383 enim
451 1333 500 1383 aut
513 1332 660 1383 accusator
673 1331 734 1381 tam
752 1345 859 1385 amens
873 1347 944 1405 repe

99 1407 187 1464 rietur
202 1407 250 1483 qui
265 1426 313 1463 reo
328 1406 518 1463 condemnato
533 1404 619 1462 obiici
634 1424 663 1461 se
677 1403 868 1464 multitudini
884 1427 945 1465 con·

99 1487 201 1543 ductae
224 1486 292 1542 velit
314 1493 364 1543 aut
388 1485 472 1542 iudex
496 1485 546 1561 qui
569 1504 649 1542 reum
671 1484 810 1542 damnare
833 1487 943 1555 audeat,

100 1574 132 1622 ut
150 1567 210 1643 ipse
227 1565 264 1622 ad
281 1585 381 1642 operas
400 1565 606 1621 mercennarias
627 1563 724 1620 statim
741 1567 945 1641 protrahatur?

101 1645 167 1702 Non
185 1646 273 1722 igitur
283 1644 449 1722 provocatio
463 1645 518 1701 ista
531 1644 593 1721 lege
608 1644 699 1714 datur,
713 1643 765 1700 sed
779 1644 856 1704 duae
872 1666 946 1704 max-

100 1726 157 1783 ime
179 1725 313 1783 salutares
329 1724 406 1802 loges
424 1725 659 1802 quaestionesque
675 1722 827 1782 tolluntur.
871 1725 946 1794 Quid

100 1813 144 1863 est
157 1806 236 1863 aliud
249 1805 394 1862 adhortari
409 1804 609 1875 adolescentes,
622 1810 655 1860 ut
671 1802 842 1875 turbulenti,
856 1813 891 1863 ut
908 1825 947 1863 se

100 1886 206 1957 uitiosi,
219 1892 251 1942 ut
265 1885 417 1961 perniciosi
432 1885 507 1941 cives
523 1884 609 1941 velint
623 1883 701 1940 essct
736 1880 831 1950 Quam
847 1893 944 1943 autem

100 1966 137 2022 ad
153 1973 263 2041 pestem
284 1964 366 2021 furor
382 1963 551 2021 tribunicius
571 1962 680 2040 impelli
696 1980 755 2018 non
772 1965 887 2039 poterit
903 1966 947 2023 his

100 2044 210 2101 duabus
232 2043 446 2120 quaestiouibus
467 2042 503 2099 de
527 2044 555 2099 vi
576 2049 605 2100 et
625 2042 782 2099 maiestatis
805 2042 947 2103 sublatisl

101 2129 147 2180 23.
164 2121 248 2193 Quid,
262 2122 340 2199 quod
357 2121 513 2198 obrogatur
531 2122 642 2199 legibus
662 2121 799 2192 Caesaris,
813 2142 890 2200 quae
907 2125 948 2182 iu-

100 2202 170 2260 bent
184 2202 217 2273 ei,
231 2203 280 2278 qui
297 2201 333 2259 dc
350 2201 386 2271 vi,
399 2201 525 2277 itemque
540 2203 574 2272 ei,
588 2203 637 2279 qui
653 2201 812 2259 maiestatis
827 2203 949 2262 damua-

101 2290 147 2340 tus
165 2283 209 2354 sit,
222 2301 295 2360 aqua
311 2288 340 2339 et
356 2281 417 2359 igni
435 2281 585 2339 interdici?
607 2281 710 2359 quibus
727 2301 792 2338 cum
807 2301 949 2358 provoca·

101 2364 143 2421 tio
164 2363 256 2435 datur,
267 2381 362 2420 nonne
383 2368 447 2419 acta
463 2360 591 2419 Caesaris
607 2360 826 2420 rescindunturl
863 2361 949 2431 Quae

102 2443 218 2520 quidem
233 2463 294 2520 ego,
306 2450 400 2520 patres
414 2442 577 2519 conscripti,
588 2443 637 2520 qui
651 2441 699 2498 illa
709 2459 869 2517 numquam
880 2462 950 2520 pro

101 2523 174 2594 bavi,
190 2531 285 2581 tamen
307 2524 347 2580 ita
364 2523 556 2580 conservanda
576 2521 744 2579 concordiae
765 2539 851 2578 eausa
872 2523 950 2580 arbi-

100 2609 192 2661 tratus
213 2623 284 2672 sum,
300 2609 333 2659 ut
353 2621 411 2659 non
432 2602 528 2673 modo,
545 2621 615 2678 quas
635 2601 716 2657 vivus
738 2599 814 2676 leges
838 2601 950 2660 Caesar

101 2683 221 2754 tulisset,
236 2682 420 2738 infirmandas
436 2681 491 2739 hoc
508 2689 637 2758 tempore
659 2700 716 2738 non
734 2687 876 2757 putarem,
893 2684 949 2740 sed

101 2781 137 2819 ne
155 2762 216 2840 illas
234 2762 357 2838 quidem,
371 2781 440 2838 quas
456 2768 659 2838 postmortem
674 2760 801 2818 Caesaris
816 2761 949 2836 prolatas

102 2861 162 2898 esse
176 2850 204 2899 et
219 2841 288 2898 fixas
304 2841 414 2899 videtis.

142 2921 179 2978 X.
212 2927 257 2978 24.
273 2921 319 2978 De
330 2921 429 2978 exsilio
446 2919 555 2977 reducti
572 2939 589 2976 a
605 2928 737 2977 mortuo:
760 2919 860 2976 civitas
875 2921 949 2980 data

102 3020 160 3057 non
178 3001 269 3058 solum
287 3000 414 3077 singulis,
427 3000 477 3056 sed
490 2999 654 3056 nationibus
669 3006 698 3056 et
711 2999 866 3075 provinciis
881 3002 948 3058 uni-

101 3081 188 3137 versis
202 3100 219 3138 a
232 3077 361 3137 mortuo:
384 3078 614 3136 immunitatibus
625 3078 744 3136 infinitis
759 3077 870 3136 sublata
881 3099 947 3138 vee-

102 3159 201 3235 tigalia
211 3181 228 3216 a
237 3166 359 3217 mortuo.
396 3159 473 3231 Ergo
487 3157 556 3215 haec
568 3178 634 3229 uno,
648 3178 744 3216 verum
756 3157 868 3235 optimo
877 3178 945 3218 auc·
