1988 3480
230 135 308 184 (lAP.
325 127 555 195 xmv.-XLVI.·‚'
569 134 583 194 ᾗ
598 137 718 184 rra-118.
849 139 896 186 273

97 237 187 294 XLV.
221 241 286 293 115.
309 235 469 292 Recordare
496 234 586 311 igitur
609 235 700 306 illum,
720 235 758 292 M.
775 235 896 305 Antoni,

57 317 216 393 diemque
237 316 408 372 dictaturam
426 315 573 372 sustulisti.
616 315 697 372 Pone
714 322 779 372 ante
800 316 898 374 oculos

56 396 195 462 laetitiam
218 401 331 452 senatus
355 395 513 472 populique
537 395 679 452 Romani:
708 395 807 452 confer
831 416 896 454 curn

56 476 109 532 hac
127 476 246 533 immani
263 475 472 532 nundinatione
493 482 544 532 tua
564 482 754 552 tuorumque:
776 483 838 533 tum
856 477 898 532 in-

57 556 168 632 telliges
193 562 331 633 quantum
355 556 431 611 inter
454 555 564 612 lucrum
589 561 618 612 et
642 555 755 612 laudem
776 556 895 613 intersit.

58 635 114 692 Sed
129 635 273 706 nimirum,
285 641 318 692 ut
333 634 449 710 quidam
466 635 568 691 morbo
583 634 678 711 aliquo
690 641 719 692 et
730 654 827 692 sensus
841 642 898 692 stu-

56 735 126 793 pore
137 716 306 772 suavitatem
317 714 374 771 cibi
385 733 443 770 non
455 715 590 785 sentiunt,
599 714 639 771 sic
650 714 804 784 libidinosi,
812 715 897 785 avari,

56 794 210 851 facinerosi
226 809 308 851 verae
328 793 421 850 laudis
441 801 588 871 gustatum
604 814 663 850 non
683 794 797 852 habent.
840 794 898 852 Sed

57 875 81 930 si
95 882 124 931 te
139 875 199 932 laus
213 874 335 931 adlicere
352 874 389 938 ad
403 881 479 932 recte
493 873 658 932 faciendum
672 894 730 931 non
745 881 849 952 potest,
861 895 899 932 ne

49 955 150 1011 'metus
172 954 286 1031 quidem
309 974 327 1010 a
342 954 518 1018 foedissimis
538 954 624 1012 factis
644 961 742 1032 potest
760 956 897 1012 avocaret

57 1033 167 1092 Iudicia
181 1054 239 1092 non
253 1034 365 1092 metuis.
402 1034 433 1091 Si
447 1041 565 1112 propter
579 1035 781 1110 innocentiam,
794 1035 897 1093 laudo:

57 1115 100 1170 sin
115 1122 232 1192 propter
246 1114 313 1185 vim,
325 1134 384 1171 non
398 1114 543 1191 intelligis,
556 1116 605 1193 qui
619 1116 675 1172 isto
689 1115 778 1173 modo
793 1115 899 1172 iudicia

56 1214 115 1251 non
137 1197 247 1266 timeat,
262 1195 289 1251 ei
311 1194 381 1271 quid
402 1195 564 1252 timendum
586 1195 641 1252 sict
684 1200 749 1252 116.
766 1194 851 1263 Quod
873 1195 897 1250 si

57 1293 115 1331 non
136 1276 242 1332 metuis
262 1275 339 1331 viros
362 1273 454 1330 fortes
475 1274 661 1351 egregiosque
682 1274 765 1344 cives,
782 1274 859 1351 quod
880 1293 899 1331 a

57 1373 176 1431 corpore
184 1361 236 1411 tuo
245 1352 433 1429 prohibentur
444 1354 537 1424 armis,
546 1354 589 1410 tui
603 1360 641 1424 te,
652 1353 725 1410 mihi
736 1354 827 1425 crede,
838 1354 899 1410 diu-

57 1433 116 1489 tius
128 1453 187 1489 non
204 1434 305 1490 ferent
348 1431 427 1500 Quae
442 1441 484 1490 est
498 1439 594 1490 autern
609 1433 668 1490 vita
682 1433 743 1490 dies
757 1440 786 1491 et
799 1440 899 1491 noctes

57 1513 159 1570 timere
173 1532 190 1569 a
204 1514 280 1569 suist
321 1511 385 1568 Nisi
400 1532 466 1569 vero
480 1520 530 1570 aut
544 1513 700 1570 maioribus
714 1512 801 1570 habes
815 1513 899 1571 bene·

58 1591 130 1649 ficiis
151 1592 301 1669 obligatos,
317 1611 402 1668 quarn
425 1591 471 1649 ille
493 1593 632 1670 quosdam
653 1592 754 1650 habuit
770 1612 805 1650 ex
822 1593 865 1664 iis,
881 1612 900 1649 a

59 1671 162 1748 quibus
179 1679 223 1730 est
239 1672 414 1741 interfectus,
426 1679 476 1729 ant
486 1679 518 1729 tu
535 1692 565 1729 es
579 1672 637 1730 ulla
650 1692 679 1730 re
694 1692 759 1730 eum
774 1692 808 1730 eo
823 1692 899 1730 com-

58 1753 208 1829 parandus.
251 1752 318 1809 Fuit
342 1752 371 1807 in
397 1751 446 1808 illo
475 1753 631 1828 ingenium,
650 1753 731 1823 ratio,
749 1753 897 1821 memoria,

7 1881 11 1888 ,
58 1831 177 1902 litterae,
187 1851 262 1903 cura,
272 1831 419 1908 cogitatio,
430 1831 597 1910 diligentia:
619 1852 664 1890 res
674 1831 749 1890 bello
763 1839 897 1909 gesserat,

59 1912 188 1988 quamvis
202 1912 242 1969 rei
256 1911 387 1989 publicae
401 1911 588 1984 calamitosae,
601 1920 630 1970 at
644 1920 741 1970 tamen
758 1930 897 1989 magnas:

57 1991 164 2049 multos
178 2011 268 2050 annos
282 2011 399 2068 regnare
409 1992 574 2064 meditatus,
585 2012 692 2070 magno
703 1992 808 2064 labore,
820 2011 898 2069 mag-
949 2027 952 2033 ·

58 2072 102 2128 nis
124 2072 257 2149 periculis
282 2072 360 2149 quod
384 2073 524 2149 cogitarat
546 2073 695 2131 effecerat:
720 2072 896 2143 muneribus,

57 2153 260 2222 monumentis
273 2153 433 2227 congiariis
446 2153 538 2229 epulis
551 2153 768 2211 multitudinem
783 2153 898 2230 imperi-

58 2237 117 2286 tam
128 2231 297 2288 delenierat:
319 2250 385 2288 suos
396 2233 537 2307 praemiis
546 2233 720 2290 adversarios
730 2233 897 2290 clementiae

59 2311 151 2386 specie
162 2310 334 2367 devinxerat.
370 2309 447 2378 Quid
456 2310 564 2368 rnultal
581 2312 714 2369 attulerat
725 2313 782 2368 iam
793 2312 898 2368 liberae

59 2390 166 2446 civitati
177 2390 281 2465 partim
296 2396 376 2447 metu
390 2390 496 2467 partim
506 2391 646 2466 patientia
660 2391 897 2448 consuetudinem

59 2470 205 2527 serviendi.
248 2469 355 2528 XLVI.
387 2469 451 2527 117.
468 2468 540 2526 Cum
557 2470 605 2527 illo
620 2490 674 2547 ego
685 2477 713 2527 te
729 2470 897 2528 dominandi

59 2549 215 2625 cupiditate
232 2549 361 2606 conferre
378 2568 504 2626 possum,
517 2550 617 2606 ceteris
634 2570 700 2607 vero
718 2550 801 2607 rebus
817 2551 897 2607 nullo

59 2629 146 2685 ruodo
164 2629 371 2705 comparandus
386 2649 422 2686 00.
459 2629 516 2686 Sed
531 2649 565 2686 ex
579 2630 710 2706 plurimis
723 2630 813 2701 malis,
825 2650 898 2707 quae

59 2708 99 2764 ab>
109 2709 158 2765 ille
174 2710 214 2766 rei
232 2709 362 2785 publicae
379 2717 445 2766 sunt
461 2709 565 2781 inusta,
575 2710 630 2766 hoe
647 2717 743 2767 tamen
760 2710 830 2767 boni
844 2718 896 2781 est,

60 2789 137 2864 quod
152 2789 252 2846 didicit
267 2790 323 2845 iarn
338 2788 462 2865 populus
476 2789 624 2846 Romanus
642 2796 780 2867 qnantum
795 2791 898 2867 cuique

59 2869 192 2939 crederet,
214 2869 317 2945 quibus
342 2888 371 2925 se
395 2869 629 2939 committeret,a
653 2870 756 2946 quibus
777 2876 896 2949 caveret.

59 2948 138 3005 Haec
159 2968 218 3005 non
239 2949 366 3024 cogitas?
387 2968 479 3025 neque
500 2949 636 3026 intelligis
659 2950 728 3006 satis
749 2969 809 3006 esse
829 2950 899 3006 viris

58 3028 183 3085 fortibus
197 3028 329 3085 didicisse
341 3047 424 3105 quam
442 3029 478 3085 sit
493 3048 522 3085 re
533 3028 671 3104 pulcrum,
684 3028 822 3086 beneficio
836 3048 899 3103 gra·

58 3115 129 3178 turn,
145 3109 224 3164 fama
243 3107 399 3184 gloriosum
422 3115 575 3185 tyrannum
598 3109 750 3165 0001010001
772 3125 915 3181 amm

57 3188 136 3246 illurn
159 3188 291 3246 homines
308 3208 368 3246 non
385 3188 522 3257 tulerint,
530 3196 565 3246 te
584 3187 708 3245 terent‘t
738 3177 939 3236 nemete&
