1988 3480
256 121 335 172 OAP.
351 120 558 184 xxa-XXIV,
575 119 694 181 §aa-58.
710 124 712 129 ’
802 150 806 157 ·
850 123 900 172 253

59 224 95 281 iis
107 224 203 300 patrui
219 223 298 281 nulla
312 224 431 281 mentio.
473 223 505 281 si
521 243 642 295 severus,
655 243 706 282 cur
718 242 778 281 non
791 223 823 281 in
840 243 900 282 om-

59 305 127 361 nesl
168 303 199 360 si
216 303 383 374 misericors,
396 322 446 360 cur
466 323 526 360 non
542 305 572 360 in
592 305 678 362 suosl
719 303 776 362 Sed
793 304 899 363 omitto

58 391 175 441 ceteros.
214 382 357 439 Licinium
378 383 564 441 Denticulum
586 383 622 440 de
646 383 707 441 alea
729 384 900 442 condemna-

58 471 134 533 tum,
146 462 315 520 collusorem
340 482 431 534 sunm,
449 463 583 534 restituit,
602 464 682 540 quasi
707 482 773 521 vero
801 464 899 523 ludere

58 562 124 600 cnm
146 543 337 600 condemnato
359 562 417 599 non
436 541 548 600 liceret:
570 543 620 601 sed
641 549 681 614 ut,
694 545 773 620 quod
789 545 819 600 in
839 545 900 602 alea

58 623 229 700 perdiderat,
237 621 375 680 beneficio
385 623 456 699 legis
468 623 641 680 dissolveret.
673 622 766 692 Quam
775 624 899 682 attulisti

59 703 199 760 rationem
210 703 318 779 populo
329 703 460 760 Romano
475 722 600 759 curcum
616 703 728 760 restitui
738 705 899 781 oporteret?

59 782 226 854 Absentem,
238 782 331 853 credo,
344 783 374 839 in
388 801 451 839 reos
464 782 601 840 relatum:
619 803 679 840 rem
694 784 803 840 indicta
815 803 900 841 causa

58 861 231 920 iudicatam:
253 862 363 920 nullum
380 863 469 919 fuisse
486 862 523 920 de
539 863 600 920 alea
616 863 679 940 lege
695 863 848 921 iudicium:
871 864 900 921 vi

59 961 227 1019 oppressum
244 949 274 999 et
289 943 392 1000 armis:
414 949 569 1018 postremo,
582 944 661 1020 quod
675 944 711 1001 de
727 951 832 1021 patruo
847 951 899 1001 tuo

58 1022 215 1095 dicebatur,
227 1023 348 1099 pecunia
364 1022 504 1080 indicium
520 1042 581 1081 esse
595 1027 783 1100 corruptum.l
818 1022 899 1081 Nihil

59 1101 170 1160 horum.
212 1103 255 1160 At
271 1103 314 1160 vir
331 1101 424 1160 bonus
439 1109 469 1162 et
485 1123 515 1162 re
531 1103 647 1180 publica
662 1104 775 1180 dignus.
818 1102 909 1160 Nihil,

59 1183 90 1239 id
104 1183 221 1260 quidem
237 1183 366 1240 adrem:
388 1202 442 1260 ego
458 1190 564 1255 tamen,
577 1184 712 1261 quoniam
729 1183 901 1241 condemna·

58 1269 122 1319 tum
138 1282 198 1320 esse
215 1282 268 1339 pro
284 1263 376 1319 nihilo
392 1275 445 1334 est,
457 1264 498 1320 ita
513 1264 698 1339 ignoscerem.
741 1262 900 1319 Hominem

60 1342 190 1398 omnium
204 1343 421 1419 nequissimum,
433 1344 484 1419 qui
500 1362 558 1398 non
572 1342 717 1399 dubitaret
731 1342 776 1399 vel
790 1343 820 1399 in
834 1342 900 1400 foro

59 1422 120 1478 alea
134 1421 239 1492 ludere,
251 1421 322 1498 lege,
334 1441 407 1498 quae
424 1430 467 1479 est
479 1422 517 1479 de
533 1421 601 1492 alea,
613 1422 836 1479 condemnatum
849 1421 900 1499 qni

60 1501 90 1557 in
115 1501 258 1577 integrum
287 1502 421 1573 restituit,
439 1502 464 1558 is
487 1520 546 1558 non
570 1502 748 1578 apertissime
771 1501 900 1559 studium

59 1600 144 1637 suurn
158 1575 220 1657 ipsc
234 1581 404 1658 profitetur?
439 1581 532 1639 51111
546 1581 648 1638 eodem
662 1600 729 1638 vero
743 1582 899 1653 tribunatu,

59 1679 127 1718 cum
144 1659 248 1718 Caesar
266 1662 296 1718 in
313 1660 484 1738 Hispaniam
504 1660 686 1738 proficiscens
705 1661 772 1719 huic
788 1661 901 1719 concul-

60 1740 182 1797 candam
197 1740 310 1798 Italiam
324 1740 495 1812 tradidisset,
506 1760 580 1818 quae
594 1741 652 1798 fuit
664 1741 726 1798 cius
739 1741 900 1818 peragratio

61 1820 206 1891 itinerum,
216 1821 346 1879 lustratio
360 1821 600 1899 municipiorum!
635 1821 702 1878 Scio
716 1841 763 1878 me
777 1822 806 1877 in
817 1820 901 1878 rebus

60 1900 289 1968 celebratissimis
305 1901 436 1958 omnium
452 1920 583 1958 sermone
597 1901 709 1972 versari,
721 1920 819 1978 eaque,
828 1920 901 1978 quae

60 1981 127 2038 dico
143 1980 327 2058 dicturusque
347 2000 420 2052 snm,
435 1981 550 2039 notiora
569 2000 629 2038 esse
646 1981 788 2052 omnibus,
805 1981 853 2058 qui
871 1981 900 2037 in

61 2059 145 2118 Italia
154 2067 217 2118 tum
232 2061 357 2131 fuerunt,
366 2080 453 2138 quam
468 2062 549 2134 mihi,
560 2062 610 2139 qui
623 2081 682 2118 non
697 2062 748 2120 lui
785 2060 901 2119 Notabo

61 2147 158 2198 tamen
178 2141 304 2216 singulas
324 2160 385 2199 res:
407 2142 460 2198 etsi
479 2142 558 2199 nullo
577 2141 666 2199 modo
683 2142 791 2219 poterit
810 2140 901 2198 oratio

61 2240 126 2276 rnca
139 2222 207 2277 satis
221 2222 314 2277 facere
325 2228 433 2278 vestrae
447 2222 589 2279 scientiae
622 2221 739 2278 Etenim
753 2221 832 2298 quod
842 2239 903 2278 um·

61 2319 148 2376 quarn
169 2301 197 2356 in
218 2300 299 2356 terris
318 2307 431 2356 tantum
450 2300 593 2376 flagitium
608 2301 752 2357 exstitisse
771 2300 901 2356 auditum

61 2380 122 2436 estl
138 2379 482 2456 tantamtnrpitudincml
498 2386 611 2436 tantum
621 2380 763 2437 dedecus?
787 2378 901 2436 XXIV.

63 2458 283 2516 58.Vebebatur
296 2459 326 2514 in
340 2459 440 2516 essedo
451 2459 584 2516 tribunus
595 2458 703 2536 plebis:
722 2458 835 2515 lictores
845 2457 903 2515 lau·

63 2538 133 2596 reati
153 2538 379 2607 antecedebant:
405 2539 479 2596 inter
496 2558 568 2614 quos
584 2545 683 2615 aperta
698 2538 799 2596 lectica
814 2537 903 2594 mima

62 2618 246 2695 portabatur:
268 2637 354 2694 quam
373 2638 408 2676 ex
427 2619 543 2695 oppidis
561 2617 756 2694 municipales,
772 2617 903 2674 homines

63 2697 184 2768 bonesti,
195 2697 233 2755 ob
243 2699 319 2755 viam
333 2699 490 2756 necessario
504 2698 686 2775 prodeuntes,
696 2717 755 2754 non
768 2703 839 2754 noto
853 2697 903 2754 illo

62 2785 92 2834 ct
112 2778 230 2836 mimico
254 2779 379 2849 nomine,
398 2779 448 2836 sed
464 2778 652 2836 Volumniam
676 2776 901 2835 consalutabant

62 2856 242 2935 Sequebatur
252 2858 336 2915 raeda
346 2857 410 2915 cnm
423 2857 582 2929 lenonibus,
594 2858 715 2915 comites
726 2856 902 2934 nequissimi,

63 2938 168 2995 reiecta
185 2945 277 2995 mater
297 2938 418 2995 amicam
440 2938 546 3015 impuri
562 2937 615 2995 filii
630 2944 778 3014 tamqnam
799 2955 903 2994 nurum

62 3017 240 3095 sequebatur.
283 3017 310 3076 Ο
326 3018 445 3075 miserae
463 3017 591 3075 mulieris
607 3017 815 3075 fecunditatem
834 3016 905 3073 cala·

62 3099 214 3155 mitosaml
256 3097 370 3154 Horum
391 3097 567 3175 flagitiorum
587 3098 641 3155 iste
658 3097 790 3171 vestigiis
808 3095 916 3150 omum

55 3178 226 3314 prunicipia,
238 3177 708 3257 praefecturas,colomas,totam
725 3165 939 3242 &ww

75 3277 120 3313 am
136 3259 294 3329 impressit
