1988 3480
54 85 115 166 Ι276
139 115 176 164 IN
195 115 231 165 M.
247 114 440 164 AN'I'ONIUM
453 113 588 165 ORATIO
601 113 828 164 PHILIPPICA
841 115 908 164 XIV.

68 239 142 283 vero,
151 237 235 294 qrnun
251 218 288 274 sit
298 237 331 275 ea
345 237 396 287 rea
405 236 489 294 quarn
504 216 667 275 avidissime
682 217 790 274 ciuitas
805 237 911 294 exspec-
941 265 942 269 ,

68 307 118 365 tut,
131 297 177 354 adl
187 310 232 365 ua,
245 297 353 354 laetitia
369 297 426 354 frui
444 297 512 353 satis
528 303 571 353 cst
588 296 734 353 maximae
751 298 911 373 praeclaris·

69 377 211 453 sinraeqne
234 395 364 454 pugnae:
389 375 511 434 reditrim
536 377 573 433 ad
598 376 739 432 vestitum
764 378 911 434 confectae

69 457 202 514 victoriae
217 465 363 514 reservate.
406 455 557 513 Confectio
572 464 667 512 autem
684 455 776 513 huius
791 457 862 514 belli
875 464 912 515 est

68 537 104 594 D.
114 536 197 594 Bruti
215 537 297 595 salus.
340 543 366 594 2.
377 536 456 605 Quae
473 544 569 593 antem
585 542 629 593 est
643 536 700 593 ista
718 538 912 608 sententiaut

68 617 97 674 in
116 617 286 675 hodiernum
302 617 378 674 diem
393 617 512 673 vestitus
524 622 660 686 mutetur,
672 615 785 674 deinde
800 637 864 674 eras
878 638 913 674 sa·

68 699 128 774 gati
143 697 329 775 prodeamus?
360 696 421 754 Nos
432 715 498 754 vero
512 715 578 753 curn
592 693 679 752 semel
689 695 730 752 ad
742 716 823 767 eum,
833 718 912 775 quem

68 778 200 855 cupimus
225 784 421 855 optamusque,
437 777 572 833 vestitum
599 775 791 847 redierimus,'
801 777 834 834 id
855 797 914 856 aga-

69 877 140 925 mus,
154 864 185 914 ut
206 877 271 914 enm
293 858 322 914 in
343 865 513 935 perpetuum
534 855 715 912 retineamus,
762 856 844 914 Nam
863 858 914 915 hoe

70 937 184 1014 quidem
200 957 264 994 enm
276 945 359 1013 turpe
373 945 416 994 est
426 944 489 994 tum
503 955 539 993 nc
554 934 598 992 dis
612 934 732 1012 quidem
745 936 914 996 immortali-

68 1016 122 1072 bus
135 1024 257 1093 gratum,
266 1016 301 1073 ab
316 1036 414 1073 eorum
428 1017 492 1087 aris,
502 1015 539 1073 ad
553 1034 623 1092 quas
636 1015 733 1091 togati
747 1017 912 1089 redierimus,

68 1096 105 1152 ad
119 1116 186 1172 saga
200 1095 338 1153 sumenda
354 1096 506 1153 discedere.
549 1101 575 1152 3.
588 1095 686 1171 Atque
700 1096 913 1168 animadverto,

68 1183 163 1252 patres
190 1176 352 1253 conscripti,
369 1175 508 1253 quosdam
532 1175 598 1233 huie
622 1174 719 1231 favere
744 1178 913 1248 sententiae,

69 1275 191 1332 quorum
203 1276 236 1313 ea
246 1276 327 1314 mens
341 1256 427 1333 idque
441 1255 593 1313 eonsilium
607 1262 657 1324 est,
670 1260 704 1311 nt
715 1274 786 1312 eum
798 1257 914 1314 videant

68 1336 303 1412 gloriosissimum
317 1337 395 1393 illum
407 1335 444 1393 D.
453 1335 545 1393 Bruto
556 1335 686 1392 futurum
698 1333 789 1406 diem,
799 1355 860 1412 qno
871 1337 914 1394 die

68 1423 186 1492 propter
203 1417 262 1474 eius
280 1417 398 1473 salutem
413 1415 579 1472 redierimus
594 1407 643 1488 [ad
659 1413 827 1494 vestitum],
840 1416 914 1474 hune

69 1495 95 1551 ei
109 1496 235 1552 fructum
253 1496 360 1572 cripere
377 1495 502 1571 cupiant,
514 1514 550 1551 ne
567 1493 722 1551 memoriae
738 1497 914 1571 posteritati·
943 1529 945 1534 ·

69 1593 123 1649 que
135 1575 272 1652 prodatur
286 1582 402 1653 propter
416 1575 500 1631 unius
514 1575 584 1631 civis
594 1572 755 1650 perieulum
771 1577 913 1653 populum

69 1653 230 1711 Romanum
249 1655 285 1713 ad
300 1657 367 1733 saga
380 1655 443 1726 isse,
453 1661 571 1732 propter
586 1653 716 1710 eiusdem
733 1655 861 1713 salutem
876 1677 914 1714 re

69 1733 143 1790 disse
164 1734 201 1791 ad
222 1742 311 1811 togas.
353 1735 458 1793 Tollite
479 1734 571 1791 lianc:
595 1733 703 1791 nullam
724 1741 788 1791 tam
810 1755 913 1812 pravae

69 1814 225 1872 sententiae
242 1834 356 1872 eausam
372 1814 526 1892 reperietis.
562 1813 625 1872 Vos
642 1832 718 1884 vero,
729 1821 830 1890 patres
850 1835 914 1873 eon·

68 1893 175 1969 scripti,
188 1902 352 1952 conservate
373 1895 571 1952 auctoritatem
594 1899 726 1963 vestram,
741 1902 862 1952 manete
885 1895 913 1952 in

68 1973 217 2042 sententia,
232 1980 328 2030 tenete
345 1981 437 2030 vestra
457 1973 603 2044 memoria,
617 1971 695 2050 quod
712 1991 799 2049 saepe
819 1981 914 2032 osten·

68 2051 158 2122 distis,
175 2052 259 2108 huius
279 2053 369 2109 totius
389 2052 456 2109 belli
477 2053 506 2108 iu
528 2053 613 2110 nnius
633 2052 687 2110 viri
707 2052 865 2111 fortisSImi
886 2061 913 2112 et

69 2131 186 2186 maximi
200 2131 258 2188 vita
272 2131 400 2208 positum
415 2151 474 2190 esse
489 2132 650 2191 discrimen.
692 2130 731 2190 ΙΙ.
763 2137 792 2190 4.
810 2134 861 2191 Ad
875 2133 912 2192 D.

68 2209 193 2268 Brutum
209 2210 387 2269 liberandum
404 2211 490 2289 legati
510 2213 591 2269 missi
612 2211 756 2289 principes
775 2212 913 2286 cititatis,

70 2291 118 2366 qni
133 2291 174 2347 illi
189 2290 266 2349 hosti
280 2311 312 2349 ac
326 2292 482 2369 parricidae
497 2292 706 2361 denuntiarent,
717 2297 751 2348 ut
765 2310 783 2348 a
798 2292 914 2352 Mutina

69 2371 243 2430 diseederet:
265 2373 392 2442 eiusdem
403 2372 439 2429 D.
449 2372 533 2429 Bruti
544 2371 730 2428 conservandi
741 2373 836 2449 gratia
846 2393 914 2431 eon·

70 2450 112 2507 sul
130 2452 233 2510 sortitu
249 2453 285 2510 ad
299 2452 405 2510 bellum
419 2452 566 2530 profectus
583 2450 750 2523 A.Hirtins,
760 2453 844 2511 euius
861 2454 915 2511 im·

71 2529 253 2589 becillitatem
265 2532 434 2589 valetudinis
448 2532 536 2589 animi
551 2531 640 2589 virtus
655 2538 684 2589 et
698 2551 763 2609 spes
774 2533 914 2591 victoriae

71 2610 265 2668 continuavit:
287 2612 397 2682 Caesar,
409 2631 474 2669 enm
492 2612 616 2669 exercitu
631 2630 726 2688 perse
742 2620 913 2689 comparato

71 2690 164 2765 lenm
187 2691 287 2767 primis
307 2690 435 2767 pestibus
457 2711 516 2749 rem
538 2691 681 2768 publicam
702 2691 861 2764 liberasset,
876 2713 914 2752 ne

71 2770 141 2846 quid
157 2778 257 2846 postea
277 2770 388 2827 sceleris
406 2779 539 2842 oreretur,
551 2772 698 2848 proiectus
719 2772 817 2829 estad
834 2793 914 2830 eum-

71 2851 136 2906 dem
154 2850 277 2907 Brutum
295 2850 472 2908 liberandum
490 2852 615 2928 vicitque
636 2850 765 2908 dolorem
784 2851 913 2929 aliquem

71 2930 260 2987 domesticum
275 2930 384 3005 patriae
398 2932 522 2990 caritate.
566 2938 591 2988 5.
608 2930 685 3000 Quid
700 2930 913 3008 (IPansa‘egit

71 3008 148 3065 aliud
163 3008 314 3067 dilectibus
328 3009 474 3081 habendis,
485 3011 606 3087 pecunia
619 3010 819 3087 comparanda,
833 3031 914 3068 sena-

71 3094 117 3144 tus
128 3089 264 3146 consultis
274 3089 413 3146 faciendis
424 3091 597 3166 gravissimis
608 3091 637 3146 in
647 3090 817 3159 Antonium,
825 3090 914 3148 uobis
991 3127 993 3132 ·

71 3166 261 3242 cohortandis,
273 3168 382 3248 populo
394 3168 527 3229 Romano
541 3169 581 3228 ad
589 3187 705 3227 cansam
714 3168 915 3223 tinternensis
