1988 3480
106 113 126 159 ’6
216 110 438 202 DEJMPERIO
455 111 510 160 CN.
525 110 677 163 POMPEII
694 110 835 161 ORATIO.

110 211 268 282 suetudine,
281 218 362 269 tanta
377 211 564 281 humanitate,
575 218 609 268 ut
625 211 646 269 ii
661 210 818 270 beatissimi
836 231 895 269 esse
909 211 949 270 vi-

111 291 238 363 deantur,
250 292 328 368 apud
343 310 414 368 quos
427 291 475 347 ille
486 291 646 348 diutissime
659 297 858 349 commoratur.

151 370 202 428 VI.
240 377 285 428 14.
302 371 365 440 Qua
379 390 408 427 re
423 371 446 434 si
457 377 575 447 propter
589 371 681 428 socios
692 370 768 427 nulla
779 371 834 447 ipsi
845 372 950 430 iniuria

110 450 233 507 lacessiti
244 451 365 507 maiores
379 451 469 507 nostri
481 469 546 507 eum
557 449 712 521 Antioche,
725 470 788 507 cum
801 450 947 529 Philipp0‚

111 549 176 587 eum
187 529 307 601 Aetolis,
320 549 386 586 eum
400 530 507 587 Poenis
520 528 594 587 bella
606 536 762 606 gesserunt,
775 538 882 605 quanto
897 551 949 588 vos

111 609 206 667 studio
221 610 354 667 convenit
365 610 475 667 iniuriis
488 613 659 686 provocatos
673 609 814 666 socierum
829 610 949 668 salutem

110 709 167 747 una
183 708 249 746 cum
264 690 377 766 imperii
392 689 478 747 vestri
493 689 633 766 dignitate
650 688 810 759 defendere,
826 708 950 765 praeser-

112 769 164 825 tim
188 788 255 826 cum
279 770 315 826 de
341 769 474 826 maximis
497 768 598 825 restris
622 767 807 844 vectigalibus
831 770 949 844 agatur?

111 847 186 905 Nam
211 855 367 907 ceterarum
394 848 605 925 provinciarum
632 847 790 923 vectigalia,
813 847 947 919 Quirites,
976 866 980 873 ·

110 934 191 986 tanta
211 934 286 1000 sunt,
302 935 335 985 ut
356 929 391 984 iis
411 928 448 985 ad
469 928 545 1004 ipsas
566 927 726 1004 provincias
746 927 880 984 tutandas
901 928 948 984 vix

111 1008 240 1065 contenti
257 1027 316 1065 esse
333 1008 483 1084 possimus,
496 1006 567 1064 Asia
583 1026 650 1064 vero
663 1013 723 1065 tam
743 1007 840 1083 opima
857 1013 899 1063 est
916 1026 948 1063 ae

111 1088 222 1159 fertilis,
234 1094 268 1144 ut
282 1094 311 1145 et
325 1087 453 1145 ubertate
467 1106 599 1164 agrorum
614 1093 643 1144 et
653 1087 787 1146 varietate
801 1087 947 1143 fruetuum

111 1174 140 1225 et
160 1167 359 1244 magnitudine
379 1168 519 1244 pastionis
539 1172 568 1224 et
586 1167 770 1224 multitudine
792 1186 886 1223 earum
908 1186 949 1223 re-

110 1267 183 1320 rum,
196 1267 268 1324 quae
283 1254 475 1324 exportentur,
487 1246 571 1304 facile
586 1246 720 1303 omnibus
733 1247 815 1304 terris
829 1246 948 1303 antecel-

111 1328 158 1386 lat.
194 1327 295 1405 Itaque
309 1327 379 1385 haee
393 1327 474 1384 vebis
488 1326 642 1403 provincia,
655 1325 787 1397 Quirites,
800 1327 824 1382 si
838 1333 867 1383 et
879 1326 947 1383 belli

111 1407 265 1465 utilitatem
291 1414 320 1465 et
336 1407 421 1484 'paeis
442 1407 613 1483 dignitatem
637 1405 757 1465 retinere
778 1406 870 1477 vultis,
888 1425 946 1462 nou

111 1487 199 1545 modo
216 1507 233 1545 a
249 1487 423 1558 calamitate,
430 1485 480 1544 sed
497 1486 584 1544 etiam
598 1505 615 1542 a
627 1491 707 1545 metu
724 1485 891 1542 calamitatis
905 1493 947 1542 est

41 1571 43 1575 ’
111 1567 299 1626 defendenda.
344 1573 389 1624 15.
412 1567 487 1624 Nam
508 1566 539 1623 in
559 1565 660 1626 ceteris
680 1564 764 1622 rebus
785 1585 849 1622 eum
869 1566 955 1622 veuit

111 1648 264 1721 calamitas,
279 1655 343 1706 tum
364 1647 568 1706 detrimentum
591 1645 745 1724 accipitur:
769 1652 799 1702 at
815 1645 844 1701 in
863 1645 948 1702 vecti-

111 1728 222 1804 galibus
238 1748 297 1785 non
319 1728 411 1786 solum
432 1727 571 1784 adventus
591 1725 668 1798 mali,
684 1725 734 1783 sed
752 1725 837 1782 etiam
854 1732 947 1780 metus

111 1808 172 1883 ipse
187 1807 281 1864 adfert
295 1807 493 1864 calamitatem.
536 1805 612 1863 Nam
629 1826 694 1864 cum
708 1804 835 1861 hostium
849 1804 947 1878 copiae

111 1905 171 1954 nen
191 1881 277 1963 longe
297 1886 408 1956 absunt,
424 1885 511 1942 etiam
528 1886 551 1942 si
568 1886 689 1964 irruptio
706 1883 784 1941 nulla
798 1882 876 1938 faeta
896 1887 946 1950 est,

112 1971 208 2023 tamen
217 1985 307 2043 pecua
317 1964 523 2040 relinquuntur,
534 1966 594 2041 agri
605 1966 715 2023 cultura
725 1961 869 2033 deseritur,
877 1980 948 2017 mer-

113 2052 241 2102 catorum
257 2044 402 2120 navigatio
423 2045 678 2120 conquiescimus
697 2062 788 2121 neque
809 2061 844 2099 cx
862 2047 947 2119 portu

113 2142 205 2200 neque
216 2143 249 2183 ex
264 2123 391 2180 decumis
404 2142 497 2200 neque
511 2143 546 2180 ex
561 2124 699 2201 scriptura
708 2123 828 2199 vectigal
839 2141 949 2179 censer-

114 2204 174 2260 vari
184 2210 295 2279 potest:
318 2223 374 2280 qua
387 2223 417 2260 11
431 2222 515 2280 saepe
528 2204 618 2261 totius
632 2204 699 2260 anni
712 2205 822 2260 fruetus
835 2222 893 2259 uno
904 2223 949 2260 ru-

114 2303 193 2340 more
206 2283 324 2359 periculi
339 2291 425 2360 atque
438 2303 497 2340 uno
511 2284 579 2341 belli
592 2291 698 2341 terrore
712 2283 860 2340 amittitur.
901 2289 946 2339 16.

115 2362 179 2431 Quo
195 2363 311 2420 tandem
329 2364 417 2440 igitur
437 2365 534 2421 animo
555 2384 615 2421 esse
636 2363 803 2420 existimatis
823 2369 873 2418 aut
890 2381 963 2431 eos,

115 2443 165 2518 qui
182 2442 331 2518 vectigalia
349 2443 433 2500 nobis
449 2445 603 2521 pensitant,
616 2449 665 2500 aut
684 2443 801 2519 eosqui
818 2447 949 2498 exercent

114 2527 199 2597 atquc
219 2523 344 2598 exigunt,
360 2537 426 2579 eum
445 2524 503 2581 duo
523 2543 603 2602 reges
624 2542 690 2580 cum
708 2521 839 2578 maximis
858 2521 949 2596 copiis
982 2575 984 2578 a

115 2607 234 2677 propter
257 2602 372 2660 adsint?
400 2623 465 2660 cum
489 2619 547 2660 una·
570 2602 699 2661 excursio
724 2600 865 2676 equitatus
889 2617 950 2674 per-

114 2679 194 2737 brevi
213 2687 342 2757 tempore
366 2683 456 2741 totius
476 2684 544 2741 anni
565 2681 687 2757 vectigal
707 2680 817 2737 auferre
840 2679 951 2755 possiti

106 2777 182 2827 ,cum
206 2759 351 2835 publicani
373 2762 497 2819 familias
521 2763 668 2832 maximas,
689 2780 758 2838 quas
780 2760 810 2816 in
833 2759 951 2815 saltibus

115 2837 230 2910 habent,
243 2859 312 2916 quas
328 2841 358 2896 in
375 2842 457 2917 agris,
471 2861 540 2918 quas
556 2842 586 2897 in
602 2841 743 2917 portubus
759 2847 952 2916 1111111111-

116 2917 179 2988 diis,
194 2937 300 2994 magne
316 2920 442 2996 periculo
464 2940 493 2977 se
511 2920 615 2977 habere
636 2920 825 2976 arbitrentur?
866 2918 953 2974 Puta-

115 2997 190 3054 tisne
211 3018 261 3054 vos
282 2999 337 3056 illis
360 3000 444 3057 rebus
468 3001 526 3057 frui
541 3018 635 3077 posse,
650 3000 705 3056 nisi
728 3019 783 3070 ees,
800 2999 849 3077 qui
870 2995 953 3053 vobis

116 3076 223 3134 fructui
241 3085 314 3150 sunt,
330 3079 526 3137 conservaritis
546 3099 605 3136 non
627 3079 727 3149 selum,
742 3087 774 3136 ut
795 3086 861 3137 ante
883 3075 951 3145 dixi,

112 3156 281 3227 calamitate,
292 3160 342 3218 sed
355 3161 440 3220 etiam
456 3159 626 3220 calamitatis
635 3159 793 3218 formidine
800 3156 959 3216 liberatest
