1988 3480
349 126 428 176 oar.
443 125 585 187 vri-rx,
601 124 616 185 ι
633 127 721 175 ιιι-ιι,
938 132 954 176 e

115 230 199 288 dates*
208 228 348 306 profugit,
360 236 393 285 ut
407 248 441 285 ex
458 227 559 286 eodem
573 228 672 285 Ponto
686 227 789 286 Medea
801 228 851 285 illa
866 246 948 306 quon·

114 310 180 367 darn
194 309 357 386 profugisse
372 308 483 378 dicitur,
497 327 581 385 quarn
596 308 762 384 praedicant
775 309 805 365 in
819 308 889 385 fuga
899 311 954 367 fra-

113 391 165 448 tris
182 390 226 446 sui
240 388 369 445 membra
385 388 414 444 in
432 389 467 444 iis
483 388 561 458 locis,
574 407 629 464 que
645 406 675 445 se
688 407 790 464 parcns
806 408 955 466 perscquc-

113 476 198 539 retur,
209 469 396 545 dissipavissc,
407 475 439 524 ut
450 487 548 524 eorum
560 467 689 524 collectio
699 469 825 544 dispersa
833 489 954 527 maeror-

114 569 168 626 que
182 548 292 626 patrius
306 547 480 605 celeritatem
493 547 683 624 persequendi
697 549 860 606 retardaret.
905 550 953 608 Sic

113 627 294 686 Mithridates
304 627 419 703 fugiens
433 628 587 684 maximam
598 627 657 683 vim
668 628 729 685 auri
743 635 828 705 atquc
842 630 952 705 argenti

112 708 423 786 pulcherrimarumque
441 726 533 764 rerum
552 707 690 776 omnium,
704 727 773 784 quas
790 715 819 765 et
833 729 849 765 a
865 710 953 766 maio-

112 789 191 845 ribus
208 794 354 864 acceperat
371 794 400 844 et
416 787 478 863 ipsc
494 786 569 844 bello
591 787 735 863 superiore
753 808 787 845 ex
804 796 867 845 tota
882 788 953 845 Asia

113 869 238 944 direptas
253 868 282 924 in
298 886 381 924 suum
395 886 518 943 regnum
533 875 721 943 congesserat,
737 869 766 925 in
782 868 878 925 Ponto
893 888 952 924 om-

112 966 178 1004 nem
193 947 316 1023 reliquit.
353 946 432 1004 Haec
444 946 513 1003 dum
528 947 619 1003 nostri
633 948 772 1024 colligunt
783 949 880 1004 omnia
890 949 952 1005 dili-

112 1028 234 1104 gentius,
247 1047 295 1084 rex
309 1027 371 1103 ipse
385 1046 401 1083 c
414 1026 547 1083 manibus
561 1027 671 1103 effugit.
708 1027 753 1085 lta
767 1028 847 1084 illum
861 1047 878 1085 a
891 1048 952 1106 pcr-

113 1107 250 1183 scquendi
270 1107 366 1164 studio
391 1125 509 1175 maeror,
527 1106 581 1163 hos
602 1106 710 1164 laetitia
730 1107 860 1165 tardavit.
904 1114 949 1166 23.

113 1186 199 1243 Hunc
214 1187 243 1243 in
257 1186 307 1244 illo
321 1187 425 1244 timore
442 1193 471 1244 et
484 1187 556 1263 iuga
565 1186 710 1263 Tigranes,
726 1207 774 1244 rex
788 1188 949 1259 Armenius,

112 1267 225 1343 excepit
239 1266 473 1343 diffidentemque
490 1266 574 1324 rebus
592 1267 649 1322 suis
666 1266 845 1323 confirmavit
859 1274 887 1324 et
904 1267 951 1324 ad-

51 1404 53 1408 ,
112 1345 222 1403 dictum
237 1346 327 1403 erexit
340 1347 542 1423 perditumque
559 1346 702 1403 recreavit.
745 1346 834 1403 Cuius
848 1347 877 1402 in
891 1366 951 1422 reg·

113 1445 183 1482 num
203 1433 304 1502 postea
326 1446 411 1502 quam
433 1426 463 1483 L.
477 1426 611 1482 Lucullus
631 1445 697 1482 curn
719 1426 843 1483 exercitu
864 1427 949 1497 venit,

113 1504 208 1582 plures
219 1505 304 1561 etiam
316 1512 385 1581 gent
387 1525 415 1561 cs
426 1512 493 1561 cont
494 1525 525 1560 ra
536 1506 735 1581 imperatorem
746 1513 875 1563 nostrum
887 1525 952 1562 con-

114 1584 184 1641 citat
185 1604 218 1640 ae
233 1591 306 1641 sunt.
286 1584 418 1641 tErat
435 1585 509 1640 enim
532 1594 626 1640 motus
642 1585 763 1641 iniectus
780 1586 815 1641 iis
831 1586 952 1642 nationi-

113 1663 175 1733 bus,
189 1683 258 1740 quas
278 1683 435 1739 numquam
440 1663 576 1800 tpopulus
593 1663 740 1719 Romanus
760 1683 852 1740 neque
868 1664 952 1720 laces·

114 1744 215 1800 sendas
233 1743 308 1800 bello
330 1762 421 1820 neque
440 1749 533 1819 ttcmp
520 1742 691 1799 tandast
638 1749 691 1818 put
692 1743 766 1800 avit:
789 1750 848 1801 crat
865 1744 950 1800 etiam

114 1823 169 1880 alia
182 1824 275 1900 gravis
289 1830 318 1880 at
321 1842 374 1900 que
389 1822 541 1880 vehemens
556 1822 663 1898 opinio,
676 1842 747 1899 quae
761 1823 872 1880 animos
885 1842 951 1915 gen·

113 1903 188 1960 tium
208 1903 390 1960 barbararum
415 1909 583 1979 pervaserat,
601 1903 663 1959 fani
685 1902 901 1979 locupletissimi
922 1910 951 1960 et

114 1983 320 2060 religiosissimi
340 1983 495 2059 diripiendi
516 2002 600 2039 causa
620 1983 650 2038 in
671 2002 717 2039 eas
739 2002 801 2039 oras
821 1990 951 2040 nostrum

114 2083 174 2120 esse
195 2064 350 2120 exercitum
371 2062 535 2119 adductum.
578 2062 623 2119 Ita
639 2063 769 2120 nationes
788 2065 894 2120 multae
911 2070 952 2120 at

115 2163 169 2220 que
186 2162 306 2220 magnae
323 2162 398 2200 novo
416 2143 541 2219 quodam
557 2149 664 2199 terrore
685 2161 717 2200 ac
733 2149 812 2200 metu
830 2143 952 2199 concita·

113 2222 224 2280 bantur.
268 2222 373 2280 Noster
389 2230 484 2279 autem
502 2223 649 2293 exercitus,
665 2223 780 2280 tametsi
797 2223 895 2279 urbem
917 2242 950 2278 ex

114 2302 232 2379 Tigrani
246 2321 333 2378 regno
351 2309 464 2379 ceperat
478 2308 507 2359 ct
520 2303 636 2378 proeliis
652 2322 720 2359 usus
737 2309 796 2359 crat
811 2303 949 2372 secundis,

114 2390 210 2446 tamen
224 2383 313 2439 nimia
323 2382 533 2459 longinquitate
547 2382 673 2439 locorum
688 2401 720 2439 ac
735 2381 875 2439 desiderio
890 2401 951 2438 suo-

95 2482 178 2528 ¹rum
205 2462 445 2519 commovebatur.
489 2466 535 2519 24.
556 2462 614 2519 Hic
638 2463 694 2518 iarn
719 2462 802 2538 plura
828 2480 886 2517 non
911 2461 951 2517 di-

114 2561 193 2600 cam:
211 2543 269 2599 fuit
280 2542 356 2598 cuim
370 2541 441 2598 illud
452 2550 619 2611 extremum,
632 2548 664 2598 ut
676 2561 709 2598 ex
720 2542 756 2597 iis
766 2541 836 2597 locis
850 2560 867 2596 a
879 2540 952 2596 mili-

114 2622 192 2678 tibus
208 2622 313 2679 nostris
330 2621 438 2678 reditus
454 2622 546 2697 magis
562 2629 691 2678 maturus
708 2640 794 2697 quam
808 2620 951 2697 processio

114 2701 228 2777 longior
242 2708 428 2778 quaereretur.
465 2701 646 2757 Mithridates
657 2709 753 2758 autem
764 2707 793 2758 ct
804 2720 883 2757 suam
893 2697 952 2756 ma·

115 2800 185 2836 num
199 2781 255 2837 iam
267 2780 447 2837 confirmarat
458 2787 603 2851 eteorum,
615 2780 664 2857 qui
675 2800 704 2837 se
715 2800 749 2837 ex
760 2781 849 2857 ipsius
863 2799 951 2855 regno

115 2860 294 2936 collegerant,
309 2866 339 2916 et
355 2860 467 2936 magnis
484 2859 651 2916 adventiciis
668 2860 779 2916 auxiliis
795 2861 951 2917 multorum

115 2959 215 3015 regum
229 2946 258 2996 et
272 2940 421 2996 nationum
435 2939 591 2996 iuvabatur.
627 2939 688 2996 lam
699 2939 754 2996 hoc
768 2940 827 2996 fcrc
839 2940 878 2995 sic
892 2939 952 2995 ficri

110 3020 205 3076 'solere
224 3020 392 3095 accepimus,
408 3025 440 3075 ut
457 3038 556 3095 regum
573 3019 670 3076 adflict
658 3026 703 3075 tae
720 3019 779 3075 fort
767 3026 852 3075 tunae
868 3018 952 3075 facile

115 3100 273 3157 multorum
288 3118 357 3175 opes
371 3099 506 3156 adliciant
520 3098 557 3155 ad
573 3099 960 3165 misericordiam,max'me

115 3199 170 3257 quc
187 3199 295 3253 eorum,
309 3178 360 3260 qui
376 3185 428 3239 aut
442 3199 529 3258 reges
547 3185 621 3237 sunt
635 3183 691 3234 aut
703 3172 830 3230 munst
826 3187 869 3221 xxx
878 3181 980 3228 ream

249 3280 267 3332 2
