1988 3480
390 127 659 178 ARGUMENTUM.
895 132 942 178 135

103 227 136 276 ad
149 228 229 276 16111111
241 226 380 288 adligatum
394 227 500 277 dixerat.
536 228 718 290 Postularerat,
729 235 757 277 ut
771 228 852 278 femur
865 230 942 278 nuda-

103 302 148 343 ret.
185 295 220 342 Et
236 293 277 341 1118
297 294 350 341 siue
367 309 437 341 mora
455 293 567 342 tunicam
584 294 686 343 levarat.
722 295 788 342 Tum
806 295 842 343 M.
853 295 942 343 Cicero

102 359 285 408 exclamaverat
295 358 378 406 omnia
386 359 422 406 illi
434 359 525 408 similia
535 359 640 408 crimina
651 374 704 409 esse
716 361 812 422 quaein
820 361 942 409 Milonem

102 423 242 472 dicerentur
254 423 310 471 alia.

136 489 234 536 Deinde
249 485 499 537 Munatius'Plancus
514 490 626 537 tribunus
637 490 671 550 pl.
681 490 833 551 produxerat
844 491 870 538 in
884 505 943 539 con-

102 554 196 602 tionem
205 553 243 602 M.
252 554 388 602 Aemilium
396 554 577 615 Philemonem,
587 563 672 603 notum
683 555 816 615 hominem,
827 555 943 604 libertum

103 620 140 667 M.
151 619 246 681 Lepidi.
285 620 310 666 Is
324 635 350 666 se
366 619 464 667 dicebat
475 621 614 682 pariterque
628 636 711 668 secum
724 630 841 682 quattuor
854 622 943 669 liberos

94 685 399 741 11101111161116111181611168
411 686 586 746 supervenisse,
598 701 656 732 cum
668 685 769 734 Clodius
780 686 941 747 occideretur,

103 760 128 798 et
142 751 173 797 ob
187 750 213 797 id
225 766 281 797 cum
295 749 495 812 proclamassent,
506 751 620 813 abreptos
634 759 659 798 et
673 766 716 813 per
730 752 792 798 ‹lrros
805 767 902 799 menses
916 752 943 800 in

103 816 161 862 villa
176 815 277 863 Milonis
291 815 432 877 praeclusos
446 817 535 864 fuisse:
556 831 633 878 eaque
647 832 685 864 res
699 831 742 863 seu
754 831 812 864 vera
825 832 869 863 seu
881 816 944 866 false

104 896 223 940 magnam
237 881 355 928 invidiam
370 881 458 928 Miloni
477 889 642 930 contraxerat.
679 882 800 944 Idemque
815 882 943 930 Munatius

103 957 128 993 et
146 946 280 1008 Pompeius
301 946 393 994 tribuni
409 946 441 1008 pl.
458 947 484 994 in
504 955 584 994 rostra
600 948 770 1008 produxerant
789 947 944 995 triumvirum

103 1011 234 1073 capitalem
248 1027 354 1074 cumque
366 1014 588 1072 interrogaverant,
601 1028 633 1060 an
648 1012 765 1062 Galatam
776 1012 879 1060 Milonis
893 1028 943 1061 ser-

105 1093 163 1124 rum
180 1078 267 1125 caedes
281 1077 414 1126 facientem
431 1077 639 1140 deprehendisset.
677 1078 722 1126 1116
739 1078 904 1126 dormientem
917 1079 943 1125 in

104 1144 207 1191 taberna
221 1159 265 1205 pro
279 1143 382 1203 fugitivo
396 1143 545 1205 prehensum
558 1152 584 1191 ct
599 1143 631 1191 ad
643 1158 669 1191 se
680 1144 827 1206 perductum
841 1158 943 1192 essere·

104 1209 243 1271 sponderat.
280 1210 495 1257 Denuntiaverant
508 1219 592 1256 tamen
604 1209 739 1269 triumviro,
751 1224 783 1257 ue
798 1224 894 1257 servum
906 1224 943 1256 re-

104 1275 222 1323 mitteret.
260 1275 309 1322 Sed
323 1284 421 1336 postera
437 1275 478 1322 die
492 1275 591 1322 Caelius
608 1275 721 1322 tribunus
735 1275 766 1336 pl.
779 1284 805 1322 et
819 1275 849 1333 Q.
863 1274 944 1321 Mani-

105 1339 151 1387 lius
164 1341 292 1388 Cumanus
304 1341 399 1399 collega
410 1340 462 1387 eius
474 1348 586 1401 ereptum
597 1354 611 1386 6
623 1339 698 1387 durno
709 1340 831 1387 triumviri
846 1355 944 1387 servum

105 1405 194 1453 Miloni
214 1405 381 1453 reddiderant.
419 1405 489 1452 Haec
509 1405 557 1452 etsi
577 1405 670 1452 nullam
691 1405 722 1453 dc
742 1405 781 1452 his
800 1405 944 1452 criminibus

105 1471 258 1518 mentionem
272 1471 331 1518 fecit
343 1471 438 1528 Cicera,
449 1479 542 1529 tamen,
550 1471 608 1531 quia
621 1471 657 1517 ita
671 1485 848 1532 compereram,
860 1471 944 1532 putavi

105 1536 261 1597 exponenda.
299 1536 368 1582 later
384 1535 477 1596 primos
494 1544 519 1582 et
537 1535 567 1595 Q.
578 1536 712 1597 Pompeius
728 1546 754 1584 et
771 1536 800 1585 C.
813 1536 944 1584 Sallustius

105 1609 130 1648 et
148 1601 177 1648 T.
191 1600 318 1647 Munatius
336 1601 444 1647 Plancus
462 1601 554 1647 tribuni
571 1600 603 1661 pl.
616 1600 799 1650 inimicissimas
817 1601 944 1650 contiones

105 1665 137 1712 de
152 1665 245 1712 Milone
258 1666 389 1723 habebant,
399 1665 533 1713 invidiosas
547 1667 623 1713 etiarn
635 1666 665 1714 dc
677 1667 803 1726 Cicerone,
816 1668 858 1729 qui
871 1667 944 1715 Milo

105 1745 162 1777 uem
177 1740 248 1778 tauto
261 1731 342 1778 studio
356 1730 507 1788 defenderet,
519 1742 620 1793 eratque
638 1732 749 1780 maxima
762 1747 818 1794 pars
831 1732 944 1780 multitu-

106 1795 170 1842 dinis
188 1796 284 1843 infensa
300 1811 348 1843 11011
368 1795 448 1843 solum
464 1796 560 1855 Miloni,
573 1797 614 1844 sed
630 1797 705 1844 etiam
722 1806 821 1860 propter
837 1797 944 1845 invisum

105 1861 271 1922 patrocinium
282 1861 402 1910 Ciceroni.
431 1863 523 1910 Postea
531 1862 665 1923 Pompeius
676 1872 701 1910 et
711 1862 841 1911 Sallustius
854 1864 880 1911 in
891 1878 944 1910 sus·

105 1927 198 1988 pitioue
215 1927 314 1974 fuerunt
328 1927 421 1975 redisse
435 1927 461 1974 in
474 1928 583 1986 gratiam
597 1943 656 1975 curn
667 1927 762 1975 Milone
773 1943 802 1976 ac
814 1929 941 1977 Cicerone.

105 1992 213 2040 Plancus
222 2003 306 2040 autem
317 1992 477 2040 infestissime
488 1993 595 2054 perstitit
606 2003 682 2055 atque
692 1993 716 2040 in
726 1994 871 2042 Ciceronem
884 2009 944 2057 quo-

104 2072 152 2119 que
170 2058 354 2106 multitudinem
368 2057 503 2116 instigavit,
514 2058 635 2119 Pompeio
652 2068 736 2107 autem
753 2069 893 2121 suspectum
908 2060 944 2107 fa-

104 2124 184 2171 ciebat
192 2124 320 2183 Milonem,
332 2123 363 2170 ad
372 2123 507 2185 perniciem
514 2123 566 2170 eius
576 2124 713 2185 comparari
721 2125 772 2170 vim
780 2125 941 2172 vociferatus:

106 2189 288 2251 Pompeiusque
306 2189 337 2236 ob
352 2203 382 2235 ea
396 2189 491 2251 saepius
506 2189 653 2250 querebatur
666 2189 720 2236 11611
734 2190 780 2237 sibi
794 2205 894 2252 quoque
906 2189 945 2237 in-

105 2254 180 2301 sidias
194 2264 219 2301 et
233 2255 258 2301 id
270 2253 361 2316 palam,
374 2268 402 2300 ac
417 2254 512 2301 maiore
527 2268 604 2301 manu
620 2269 646 2301 se
660 2255 780 2303 armabat.
811 2256 944 2304 Dicturum

106 2334 203 2381 quoque
218 2319 284 2366 diem
298 2319 411 2366 Ciceroni
426 2318 534 2365 Plancus
549 2320 697 2377 ostenderat,
710 2328 796 2381 postea
812 2330 895 2368 autem
911 2320 941 2380 Q.
969 2326 970 2329 ’

107 2384 240 2445 Pompeius
252 2384 319 2430 idem
330 2384 460 2430 minitatus
472 2393 532 2430 erat.
570 2384 653 2431 Tanta
665 2393 748 2431 tamen
763 2386 904 2433 constantia
917 2399 945 2432 ac

107 2449 168 2496 fides
182 2449 229 2496 fuit
243 2449 377 2506 Ciceronis,
391 2456 418 2495 ut
433 2463 482 2496 non
497 2448 580 2510 populi
594 2465 609 2495 a
623 2464 649 2496 se
663 2449 819 2507 alienatione,
831 2464 881 2496 non
896 2450 942 2498 Cn.

106 2513 221 2575 Pompeii
238 2513 422 2575 suspitionibus,
437 2528 487 2561 11011
504 2514 605 2574 periculi
620 2514 697 2560 futuri
714 2524 790 2573 metu,
805 2515 826 2561 si
843 2515 896 2561 dies
913 2514 945 2561 ad

107 2578 225 2640 populum
236 2579 366 2638 diceretur,
376 2593 425 2624 non
437 2579 520 2636 armis,
531 2592 593 2639 quae
602 2579 684 2640 palam
696 2579 721 2625 in
731 2579 851 2626 Milonem
864 2594 946 2640 sump-

108 2656 134 2690 ta
144 2653 221 2702 erant,
231 2643 348 2691 deterreri
358 2644 464 2704 potuerit
473 2659 487 2690 a
497 2643 639 2691 defensione
646 2645 707 2703 eius,
715 2659 772 2691 curn
782 2652 864 2705 posset
873 2658 946 2692 0111116

108 2708 243 2768 periculum
257 2724 329 2770 snum
346 2719 371 2755 et
385 2709 545 2756 offensionem
560 2708 676 2756 inimicae
691 2709 857 2757 multitudinis
872 2709 946 2757 dccli-

109 2788 175 2829 nare,
191 2773 310 2820 redimere
327 2783 410 2820 autem
428 2774 473 2821 Cn.
485 2774 598 2835 Pompeii
615 2774 735 2834 animum,
749 2775 769 2821 si
787 2775 898 2837 paullum
914 2789 947 2822 ex

108 2838 190 2885 studio
202 2838 349 2885 defensionis
362 2839 503 2886 remisisset.

141 2903 243 2959 Perlata
259 2902 348 2950 deinde
366 2903 419 2962 lege
435 2903 558 2965 Pompeii,
569 2905 594 2950 in
609 2919 657 2966 qua
674 2904 699 2951 id
714 2919 811 2966 quoque
828 2906 946 2966 scriptum

108 2978 169 3028 erat,
181 2979 207 3016 ut
216 2969 339 3030 quaesitor
350 2970 467 3028 suffragio
476 2969 559 3031 populi
571 2984 604 3017 ex
615 2970 654 3029 iis,
664 2971 705 3031 qui
717 2970 829 3017 consules
838 2970 944 3028 fueraut,

108 3045 243 3093 crearetur,
254 3034 337 3081 statim
349 3035 449 3082 comitia
460 3035 558 3094 habuit,
566 3044 712 3096 creatusque
724 3045 777 3082 erat
785 3036 814 3083 L.
822 3035 947 3082 Domitius

109 3099 274 3147 Abrrobarbus
291 3100 422 3161 quaesitor.
459 3100 554 3147 Album
568 3114 665 3161 quoque
682 3100 800 3158 iudicum,
812 3101 861 3160 qui
870 3101 905 3145 de
919 3115 955 3143 es.

102 3179 135 3218 ‚rc
151 3165 298 3228 iudicarent,
311 3165 445 3231 Pompeius
463 3165 513 3214 tale
526 3166 709 3230 propositam
724 3167 977 3222 1010001101Ψῆ
