<?xml version="1.0" encoding="UTF-8"?>
<!DOCTYPE html PUBLIC "-//W3C//DTD XHTML 1.0 Transitional//EN"
    "http://www.w3.org/TR/xhtml1/DTD/xhtml1-transitional.dtd">
<html xmlns="http://www.w3.org/1999/xhtml" xml:lang="en" lang="en">
 <head>
  <title>
</title>
<meta http-equiv="Content-Type" content="text/html;charset=utf-8" />
  <meta name='ocr-system' content='tesseract 3.04.00' />
  <meta name='ocr-capabilities' content='ocr_page ocr_carea ocr_par ocr_line ocrx_word'/>
</head>
<body>
  <div class='ocr_page' id='page_1' title='image "./mtulliiciceroni32cicegoog_0081.png"; bbox 0 0 1988 3480; ppageno 0'>
   <div class='ocr_carea' id='block_1_1' title="bbox 256 337 722 400">
    <p class='ocr_par' dir='ltr' id='par_1_1' title="bbox 256 337 722 400">
     <span class='ocr_line' id='line_1_1' title="bbox 256 337 722 400; baseline 0.004 -3"><span class='ocrx_word' id='word_1_1' title='bbox 256 337 300 398; x_wconf 87' lang='grc' dir='ltr'>Μ.</span> <span class='ocrx_word' id='word_1_2' title='bbox 318 338 466 399; x_wconf 80' lang='lat' dir='ltr'>TULLII</span> <span class='ocrx_word' id='word_1_3' title='bbox 490 339 722 400; x_wconf 82' lang='lat' dir='ltr'>CICERONIS</span> 
     </span>
    </p>
   </div>
   <div class='ocr_carea' id='block_1_2' title="bbox 70 483 923 684">
    <p class='ocr_par' dir='ltr' id='par_1_2' title="bbox 70 483 923 684">
     <span class='ocr_line' id='line_1_2' title="bbox 70 483 923 573; baseline 0.007 -14"><span class='ocrx_word' id='word_1_4' title='bbox 70 483 214 561; x_wconf 82' lang='lat' dir='ltr'>ORATIO</span> <span class='ocrx_word' id='word_1_5' title='bbox 236 484 349 573; x_wconf 82' lang='lat' dir='ltr'><strong>QUAM</strong></span> <span class='ocrx_word' id='word_1_6' title='bbox 372 485 525 557; x_wconf 81' lang='lat' dir='ltr'>nnssnn</span> <span class='ocrx_word' id='word_1_7' title='bbox 547 485 589 558; x_wconf 90' lang='lat' dir='ltr'>lll</span> <span class='ocrx_word' id='word_1_8' title='bbox 612 485 770 560; x_wconf 77' lang='lat' dir='ltr'>stultu</span> <span class='ocrx_word' id='word_1_9' title='bbox 790 485 923 565; x_wconf 78' lang='lat' dir='ltr'>nonis</span> 
     </span>
     <span class='ocr_line' id='line_1_3' title="bbox 344 608 633 684; baseline 0 -4"><span class='ocrx_word' id='word_1_10' title='bbox 344 608 633 684; x_wconf 74' lang='lat' dir='ltr'>ononnsslnssus</span> 
     </span>
    </p>
   </div>
   <div class='ocr_carea' id='block_1_3' title="bbox 399 791 570 800">
    <p class='ocr_par' dir='ltr' id='par_1_3' title="bbox 399 791 570 800">
     <span class='ocr_line' id='line_1_4' title="bbox 399 791 570 800; baseline 0 -1"><span class='ocrx_word' id='word_1_11' title='bbox 399 791 570 800; x_wconf 77' lang='lat'>———</span> 
     </span>
    </p>
   </div>
   <div class='ocr_carea' id='block_1_4' title="bbox 319 902 661 955">
    <p class='ocr_par' dir='ltr' id='par_1_4' title="bbox 319 902 661 955">
     <span class='ocr_line' id='line_1_5' title="bbox 319 902 661 955; baseline 0.003 -1"><span class='ocrx_word' id='word_1_12' title='bbox 319 902 661 955; x_wconf 76' lang='lat' dir='ltr'>AltGUMENTuM.</span> 
     </span>
    </p>
   </div>
   <div class='ocr_carea' id='block_1_5' title="bbox 70 1001 919 1710">
    <p class='ocr_par' dir='ltr' id='par_1_5' title="bbox 70 1001 919 1710">
     <span class='ocr_line' id='line_1_6' title="bbox 103 1001 919 1057; baseline 0.005 -4"><span class='ocrx_word' id='word_1_13' title='bbox 103 1004 168 1053; x_wconf 85' lang='lat' dir='ltr'>Cum</span> <span class='ocrx_word' id='word_1_14' title='bbox 178 1001 213 1052; x_wconf 91' lang='lat' dir='ltr'>M.</span> <span class='ocrx_word' id='word_1_15' title='bbox 222 1003 308 1052; x_wconf 89' lang='lat' dir='ltr'>Cicero</span> <span class='ocrx_word' id='word_1_16' title='bbox 317 1004 403 1052; x_wconf 90' lang='lat' dir='ltr'>consul</span> <span class='ocrx_word' id='word_1_17' title='bbox 413 1004 492 1053; x_wconf 86' lang='lat' dir='ltr'>Nonis</span> <span class='ocrx_word' id='word_1_18' title='bbox 500 1005 679 1053; x_wconf 78' lang='lat' dir='ltr'>Decembribus</span> <span class='ocrx_word' id='word_1_19' title='bbox 691 1011 804 1052; x_wconf 88' lang='lat' dir='ltr'>senatum</span> <span class='ocrx_word' id='word_1_20' title='bbox 815 1005 840 1053; x_wconf 89' lang='lat' dir='ltr'>in</span> <span class='ocrx_word' id='word_1_21' title='bbox 851 1007 919 1057; x_wconf 83' lang='lat' dir='ltr'>aede</span> 
     </span>
     <span class='ocr_line' id='line_1_7' title="bbox 71 1069 919 1133; baseline 0.005 -15"><span class='ocrx_word' id='word_1_22' title='bbox 71 1070 137 1118; x_wconf 89' lang='lat' dir='ltr'>Iovis</span> <span class='ocrx_word' id='word_1_23' title='bbox 152 1069 259 1119; x_wconf 84' lang='lat' dir='ltr'>Statoris</span> <span class='ocrx_word' id='word_1_24' title='bbox 272 1069 418 1126; x_wconf 81' lang='lat' dir='ltr'>consuleret,</span> <span class='ocrx_word' id='word_1_25' title='bbox 429 1070 489 1133; x_wconf 91' lang='lat' dir='ltr'>quid</span> <span class='ocrx_word' id='word_1_26' title='bbox 503 1070 534 1118; x_wconf 90' lang='lat' dir='ltr'>de</span> <span class='ocrx_word' id='word_1_27' title='bbox 552 1070 581 1118; x_wconf 86' lang='lat' dir='ltr'>iis</span> <span class='ocrx_word' id='word_1_28' title='bbox 595 1069 771 1119; x_wconf 87' lang='lat' dir='ltr'>coniurationis</span> <span class='ocrx_word' id='word_1_29' title='bbox 785 1070 919 1122; x_wconf 81' lang='lat' dir='ltr'>Catilinae</span> 
     </span>
     <span class='ocr_line' id='line_1_8' title="bbox 71 1135 918 1198; baseline 0.005 -15"><span class='ocrx_word' id='word_1_30' title='bbox 71 1135 144 1184; x_wconf 88' lang='lat' dir='ltr'>sociis</span> <span class='ocrx_word' id='word_1_31' title='bbox 161 1135 215 1184; x_wconf 89' lang='lat' dir='ltr'>fieri</span> <span class='ocrx_word' id='word_1_32' title='bbox 232 1135 346 1198; x_wconf 79' lang='lat' dir='ltr'>placeret,</span> <span class='ocrx_word' id='word_1_33' title='bbox 358 1136 400 1198; x_wconf 87' lang='lat' dir='ltr'>qui</span> <span class='ocrx_word' id='word_1_34' title='bbox 415 1137 440 1183; x_wconf 90' lang='lat' dir='ltr'>in</span> <span class='ocrx_word' id='word_1_35' title='bbox 458 1136 597 1183; x_wconf 84' lang='lat' dir='ltr'>custodiam</span> <span class='ocrx_word' id='word_1_36' title='bbox 614 1135 699 1183; x_wconf 86' lang='lat' dir='ltr'>traditi</span> <span class='ocrx_word' id='word_1_37' title='bbox 716 1144 806 1196; x_wconf 88' lang='lat' dir='ltr'>essent,</span> <span class='ocrx_word' id='word_1_38' title='bbox 817 1136 918 1187; x_wconf 84' lang='lat' dir='ltr'>factum</span> 
     </span>
     <span class='ocr_line' id='line_1_9' title="bbox 71 1201 916 1263; baseline 0 -13"><span class='ocrx_word' id='word_1_39' title='bbox 71 1210 116 1261; x_wconf 86' lang='lat' dir='ltr'>est,</span> <span class='ocrx_word' id='word_1_40' title='bbox 129 1211 157 1249; x_wconf 90' lang='lat' dir='ltr'>ut</span> <span class='ocrx_word' id='word_1_41' title='bbox 174 1202 239 1249; x_wconf 88' lang='lat' dir='ltr'>duae</span> <span class='ocrx_word' id='word_1_42' title='bbox 256 1201 411 1263; x_wconf 90' lang='lat' dir='ltr'>potissimum</span> <span class='ocrx_word' id='word_1_43' title='bbox 432 1202 569 1249; x_wconf 84' lang='lat' dir='ltr'>sententiae</span> <span class='ocrx_word' id='word_1_44' title='bbox 589 1210 794 1263; x_wconf 79' lang='lat' dir='ltr'>proponerentur,</span> <span class='ocrx_word' id='word_1_45' title='bbox 810 1216 862 1250; x_wconf 81' lang='lat' dir='ltr'>rina</span> <span class='ocrx_word' id='word_1_46' title='bbox 879 1203 916 1252; x_wconf 95' lang='lat' dir='ltr'>D.</span> 
     </span>
     <span class='ocr_line' id='line_1_10' title="bbox 71 1266 914 1329; baseline 0.001 -14"><span class='ocrx_word' id='word_1_47' title='bbox 71 1267 148 1316; x_wconf 89' lang='lat' dir='ltr'>Silani</span> <span class='ocrx_word' id='word_1_48' title='bbox 161 1266 268 1314; x_wconf 90' lang='lat' dir='ltr'>consulis</span> <span class='ocrx_word' id='word_1_49' title='bbox 280 1267 409 1327; x_wconf 83' lang='lat' dir='ltr'>designati,</span> <span class='ocrx_word' id='word_1_50' title='bbox 418 1266 459 1328; x_wconf 91' lang='lat' dir='ltr'>qui</span> <span class='ocrx_word' id='word_1_51' title='bbox 471 1274 550 1314; x_wconf 88' lang='lat' dir='ltr'>morte</span> <span class='ocrx_word' id='word_1_52' title='bbox 562 1266 703 1314; x_wconf 82' lang='lat' dir='ltr'>multandos</span> <span class='ocrx_word' id='word_1_53' title='bbox 716 1267 769 1314; x_wconf 88' lang='lat' dir='ltr'>illos</span> <span class='ocrx_word' id='word_1_54' title='bbox 783 1267 914 1329; x_wconf 85' lang='lat' dir='ltr'>censebat,</span> 
     </span>
     <span class='ocr_line' id='line_1_11' title="bbox 71 1331 918 1395; baseline 0.001 -15"><span class='ocrx_word' id='word_1_55' title='bbox 71 1333 150 1380; x_wconf 89' lang='lat' dir='ltr'>altera</span> <span class='ocrx_word' id='word_1_56' title='bbox 170 1333 199 1380; x_wconf 88' lang='lat' dir='ltr'>C.</span> <span class='ocrx_word' id='word_1_57' title='bbox 212 1333 334 1391; x_wconf 86' lang='lat' dir='ltr'>Caesaris,</span> <span class='ocrx_word' id='word_1_58' title='bbox 345 1333 387 1395; x_wconf 90' lang='lat' dir='ltr'>qni</span> <span class='ocrx_word' id='word_1_59' title='bbox 406 1331 461 1379; x_wconf 92' lang='lat' dir='ltr'>illos</span> <span class='ocrx_word' id='word_1_60' title='bbox 479 1332 609 1394; x_wconf 87' lang='lat' dir='ltr'>publicatis</span> <span class='ocrx_word' id='word_1_61' title='bbox 628 1332 699 1379; x_wconf 88' lang='lat' dir='ltr'>bonis</span> <span class='ocrx_word' id='word_1_62' title='bbox 715 1347 760 1394; x_wconf 88' lang='lat' dir='ltr'>per</span> <span class='ocrx_word' id='word_1_63' title='bbox 775 1332 918 1395; x_wconf 84' lang='lat' dir='ltr'>municipia</span> 
     </span>
     <span class='ocr_line' id='line_1_12' title="bbox 70 1397 915 1460; baseline -0.001 -13"><span class='ocrx_word' id='word_1_64' title='bbox 70 1399 160 1447; x_wconf 90' lang='lat' dir='ltr'>Italiae</span> <span class='ocrx_word' id='word_1_65' title='bbox 172 1398 353 1446; x_wconf 88' lang='lat' dir='ltr'>distribuendos</span> <span class='ocrx_word' id='word_1_66' title='bbox 367 1414 396 1445; x_wconf 90' lang='lat' dir='ltr'>ae</span> <span class='ocrx_word' id='word_1_67' title='bbox 408 1398 511 1445; x_wconf 85' lang='lat' dir='ltr'>vinculis</span> <span class='ocrx_word' id='word_1_68' title='bbox 525 1397 681 1460; x_wconf 86' lang='lat' dir='ltr'>sempiternis</span> <span class='ocrx_word' id='word_1_69' title='bbox 693 1397 915 1447; x_wconf 81' lang='lat' dir='ltr'>tenendosexisti-</span> 
     </span>
     <span class='ocr_line' id='line_1_13' title="bbox 71 1462 915 1526; baseline 0.001 -14"><span class='ocrx_word' id='word_1_70' title='bbox 71 1465 162 1513; x_wconf 88' lang='lat' dir='ltr'>mabat.</span> <span class='ocrx_word' id='word_1_71' title='bbox 201 1465 265 1512; x_wconf 88' lang='lat' dir='ltr'>Cum</span> <span class='ocrx_word' id='word_1_72' title='bbox 280 1472 362 1512; x_wconf 87' lang='lat' dir='ltr'>antem</span> <span class='ocrx_word' id='word_1_73' title='bbox 377 1463 459 1526; x_wconf 88' lang='lat' dir='ltr'>plnres</span> <span class='ocrx_word' id='word_1_74' title='bbox 476 1472 602 1511; x_wconf 84' lang='lat' dir='ltr'>senatores</span> <span class='ocrx_word' id='word_1_75' title='bbox 616 1463 649 1510; x_wconf 91' lang='lat' dir='ltr'>ad</span> <span class='ocrx_word' id='word_1_76' title='bbox 663 1463 691 1512; x_wconf 88' lang='lat' dir='ltr'>C.</span> <span class='ocrx_word' id='word_1_77' title='bbox 703 1462 817 1511; x_wconf 80' lang='lat' dir='ltr'>Caesaris</span> <span class='ocrx_word' id='word_1_78' title='bbox 835 1478 915 1526; x_wconf 83' lang='lat' dir='ltr'>quam</span> 
     </span>
     <span class='ocr_line' id='line_1_14' title="bbox 70 1528 913 1591; baseline -0.002 -13"><span class='ocrx_word' id='word_1_79' title='bbox 70 1530 103 1578; x_wconf 88' lang='lat' dir='ltr'>ad</span> <span class='ocrx_word' id='word_1_80' title='bbox 117 1531 149 1579; x_wconf 91' lang='lat' dir='ltr'>I).</span> <span class='ocrx_word' id='word_1_81' title='bbox 161 1529 238 1580; x_wconf 84' lang='lat' dir='ltr'>Silani</span> <span class='ocrx_word' id='word_1_82' title='bbox 257 1530 403 1578; x_wconf 87' lang='lat' dir='ltr'>sententium</span> <span class='ocrx_word' id='word_1_83' title='bbox 421 1529 540 1577; x_wconf 86' lang='lat' dir='ltr'>inclinare</span> <span class='ocrx_word' id='word_1_84' title='bbox 557 1529 706 1588; x_wconf 85' lang='lat' dir='ltr'>riderentur,</span> <span class='ocrx_word' id='word_1_85' title='bbox 718 1529 755 1577; x_wconf 90' lang='lat' dir='ltr'>M.</span> <span class='ocrx_word' id='word_1_86' title='bbox 765 1528 855 1577; x_wconf 86' lang='lat' dir='ltr'>Cicero</span> <span class='ocrx_word' id='word_1_87' title='bbox 871 1545 913 1591; x_wconf 89' lang='lat' dir='ltr'>ea,</span> 
     </span>
     <span class='ocr_line' id='line_1_15' title="bbox 71 1594 915 1658; baseline 0.002 -15"><span class='ocrx_word' id='word_1_88' title='bbox 71 1611 135 1658; x_wconf 88' lang='lat' dir='ltr'>quae</span> <span class='ocrx_word' id='word_1_89' title='bbox 152 1597 216 1644; x_wconf 87' lang='lat' dir='ltr'>infra</span> <span class='ocrx_word' id='word_1_90' title='bbox 229 1596 326 1655; x_wconf 83' lang='lat' dir='ltr'>legitur,</span> <span class='ocrx_word' id='word_1_91' title='bbox 341 1595 452 1643; x_wconf 87' lang='lat' dir='ltr'>oratione</span> <span class='ocrx_word' id='word_1_92' title='bbox 470 1594 547 1642; x_wconf 84' lang='lat' dir='ltr'>Silani</span> <span class='ocrx_word' id='word_1_93' title='bbox 565 1595 715 1643; x_wconf 89' lang='lat' dir='ltr'>sententiam</span> <span class='ocrx_word' id='word_1_94' title='bbox 735 1594 915 1645; x_wconf 77' lang='lat' dir='ltr'>commendare</span> 
     </span>
     <span class='ocr_line' id='line_1_16' title="bbox 71 1661 173 1710; baseline 0.02 -3"><span class='ocrx_word' id='word_1_95' title='bbox 71 1661 173 1710; x_wconf 88' lang='lat' dir='ltr'>studuit.</span> 
     </span>
    </p>
   </div>
   <div class='ocr_carea' id='block_1_6' title="bbox 71 1791 919 3070">
    <p class='ocr_par' dir='ltr' id='par_1_6' title="bbox 71 1791 919 3070">
     <span class='ocr_line' id='line_1_17' title="bbox 112 1791 914 1871; baseline 0.005 -22"><span class='ocrx_word' id='word_1_96' title='bbox 112 1793 133 1851; x_wconf 94' lang='lat' dir='ltr'>I.</span> <span class='ocrx_word' id='word_1_97' title='bbox 166 1800 191 1851; x_wconf 93' lang='lat' dir='ltr'>l.</span> <span class='ocrx_word' id='word_1_98' title='bbox 208 1791 311 1863; x_wconf 69' lang='lat' dir='ltr'>Viciae,</span> <span class='ocrx_word' id='word_1_99' title='bbox 323 1800 418 1868; x_wconf 86' lang='lat' dir='ltr'>patres</span> <span class='ocrx_word' id='word_1_100' title='bbox 435 1794 596 1871; x_wconf 85' lang='lat' dir='ltr'>conscripti,</span> <span class='ocrx_word' id='word_1_101' title='bbox 609 1795 638 1850; x_wconf 92' lang='lat' dir='ltr'>in</span> <span class='ocrx_word' id='word_1_102' title='bbox 656 1814 702 1851; x_wconf 92' lang='lat' dir='ltr'>me</span> <span class='ocrx_word' id='word_1_103' title='bbox 719 1793 849 1851; x_wconf 91' lang='lat' dir='ltr'>omnium</span> <span class='ocrx_word' id='word_1_104' title='bbox 867 1814 914 1854; x_wconf 89' lang='lat' dir='ltr'>re·</span> 
     </span>
     <span class='ocr_line' id='line_1_18' title="bbox 72 1873 912 1948; baseline 0.002 -17"><span class='ocrx_word' id='word_1_105' title='bbox 72 1881 162 1931; x_wconf 89' lang='lat' dir='ltr'>strum</span> <span class='ocrx_word' id='word_1_106' title='bbox 177 1892 227 1929; x_wconf 87' lang='lat' dir='ltr'>ora</span> <span class='ocrx_word' id='word_1_107' title='bbox 237 1879 321 1948; x_wconf 88' lang='lat' dir='ltr'>atquc</span> <span class='ocrx_word' id='word_1_108' title='bbox 333 1873 430 1929; x_wconf 87' lang='lat' dir='ltr'>oculos</span> <span class='ocrx_word' id='word_1_109' title='bbox 441 1892 500 1930; x_wconf 88' lang='lat' dir='ltr'>csse</span> <span class='ocrx_word' id='word_1_110' title='bbox 512 1893 678 1932; x_wconf 86' lang='lat' dir='ltr'>conversos:</span> <span class='ocrx_word' id='word_1_111' title='bbox 696 1874 779 1932; x_wconf 86' lang='lat' dir='ltr'>rideo</span> <span class='ocrx_word' id='word_1_112' title='bbox 790 1893 841 1930; x_wconf 89' lang='lat' dir='ltr'>vos</span> <span class='ocrx_word' id='word_1_113' title='bbox 852 1893 912 1933; x_wconf 89' lang='lat' dir='ltr'>non</span> 
     </span>
     <span class='ocr_line' id='line_1_19' title="bbox 72 1953 914 2030; baseline 0.001 -18"><span class='ocrx_word' id='word_1_114' title='bbox 72 1954 164 2012; x_wconf 91' lang='lat' dir='ltr'>solum</span> <span class='ocrx_word' id='word_1_115' title='bbox 182 1953 217 2010; x_wconf 91' lang='lat' dir='ltr'>de</span> <span class='ocrx_word' id='word_1_116' title='bbox 234 1960 327 2010; x_wconf 88' lang='lat' dir='ltr'>vestro</span> <span class='ocrx_word' id='word_1_117' title='bbox 345 1972 377 2009; x_wconf 85' lang='lat' dir='ltr'>ae</span> <span class='ocrx_word' id='word_1_118' title='bbox 394 1953 434 2010; x_wconf 91' lang='lat' dir='ltr'>rci</span> <span class='ocrx_word' id='word_1_119' title='bbox 454 1953 703 2030; x_wconf 87' lang='lat' dir='ltr'>publicac,vc1nm</span> <span class='ocrx_word' id='word_1_120' title='bbox 724 1954 859 2025; x_wconf 74' lang='lat' dir='ltr'>etiamsi</span> <span class='ocrx_word' id='word_1_121' title='bbox 880 1955 914 2013; x_wconf 86' lang='lat' dir='ltr'>id</span> 
     </span>
     <span class='ocr_line' id='line_1_20' title="bbox 72 2032 913 2110; baseline 0.002 -19"><span class='ocrx_word' id='word_1_122' title='bbox 72 2033 222 2110; x_wconf 88' lang='lat' dir='ltr'>depulsum</span> <span class='ocrx_word' id='word_1_123' title='bbox 244 2033 289 2103; x_wconf 91' lang='lat' dir='ltr'>sit,</span> <span class='ocrx_word' id='word_1_124' title='bbox 302 2032 337 2090; x_wconf 91' lang='lat' dir='ltr'>do</span> <span class='ocrx_word' id='word_1_125' title='bbox 358 2052 423 2090; x_wconf 92' lang='lat' dir='ltr'>mco</span> <span class='ocrx_word' id='word_1_126' title='bbox 444 2034 569 2110; x_wconf 89' lang='lat' dir='ltr'>periculo</span> <span class='ocrx_word' id='word_1_127' title='bbox 591 2054 651 2092; x_wconf 92' lang='lat' dir='ltr'>csse</span> <span class='ocrx_word' id='word_1_128' title='bbox 672 2034 816 2092; x_wconf 82' lang='lat' dir='ltr'>sollicitos,</span> <span class='ocrx_word' id='word_1_129' title='bbox 858 2034 913 2093; x_wconf 83' lang='lat' dir='ltr'>Est</span> 
     </span>
     <span class='ocr_line' id='line_1_21' title="bbox 71 2113 913 2193; baseline 0.004 -24"><span class='ocrx_word' id='word_1_130' title='bbox 71 2114 144 2170; x_wconf 91' lang='lat' dir='ltr'>mihi</span> <span class='ocrx_word' id='word_1_131' title='bbox 160 2113 283 2170; x_wconf 89' lang='lat' dir='ltr'>iucunda</span> <span class='ocrx_word' id='word_1_132' title='bbox 296 2113 326 2169; x_wconf 91' lang='lat' dir='ltr'>in</span> <span class='ocrx_word' id='word_1_133' title='bbox 344 2113 425 2170; x_wconf 87' lang='lat' dir='ltr'>malis</span> <span class='ocrx_word' id='word_1_134' title='bbox 440 2121 468 2171; x_wconf 91' lang='lat' dir='ltr'>ct</span> <span class='ocrx_word' id='word_1_135' title='bbox 482 2121 562 2190; x_wconf 82' lang='lat' dir='ltr'>grata</span> <span class='ocrx_word' id='word_1_136' title='bbox 576 2115 606 2170; x_wconf 92' lang='lat' dir='ltr'>in</span> <span class='ocrx_word' id='word_1_137' title='bbox 623 2114 721 2172; x_wconf 89' lang='lat' dir='ltr'>dolore</span> <span class='ocrx_word' id='word_1_138' title='bbox 735 2122 828 2172; x_wconf 87' lang='lat' dir='ltr'>vostra</span> <span class='ocrx_word' id='word_1_139' title='bbox 844 2133 913 2193; x_wconf 83' lang='lat' dir='ltr'>erga</span> 
     </span>
     <span class='ocr_line' id='line_1_22' title="bbox 71 2193 912 2272; baseline 0.002 -21"><span class='ocrx_word' id='word_1_140' title='bbox 71 2214 118 2251; x_wconf 92' lang='lat' dir='ltr'>me</span> <span class='ocrx_word' id='word_1_141' title='bbox 133 2193 271 2264; x_wconf 85' lang='lat' dir='ltr'>voluntas,</span> <span class='ocrx_word' id='word_1_142' title='bbox 285 2194 334 2251; x_wconf 92' lang='lat' dir='ltr'>scd</span> <span class='ocrx_word' id='word_1_143' title='bbox 349 2213 419 2265; x_wconf 86' lang='lat' dir='ltr'>cam,</span> <span class='ocrx_word' id='word_1_144' title='bbox 432 2213 483 2270; x_wconf 92' lang='lat' dir='ltr'>per</span> <span class='ocrx_word' id='word_1_145' title='bbox 496 2194 565 2251; x_wconf 91' lang='lat' dir='ltr'>deos</span> <span class='ocrx_word' id='word_1_146' title='bbox 578 2195 761 2266; x_wconf 88' lang='lat' dir='ltr'>immortales,</span> <span class='ocrx_word' id='word_1_147' title='bbox 774 2195 912 2272; x_wconf 88' lang='lat' dir='ltr'>deponite</span> 
     </span>
     <span class='ocr_line' id='line_1_23' title="bbox 72 2273 912 2352; baseline 0.002 -21"><span class='ocrx_word' id='word_1_148' title='bbox 72 2282 158 2352; x_wconf 89' lang='lat' dir='ltr'>atquc</span> <span class='ocrx_word' id='word_1_149' title='bbox 173 2273 255 2331; x_wconf 90' lang='lat' dir='ltr'>obliti</span> <span class='ocrx_word' id='word_1_150' title='bbox 270 2274 367 2331; x_wconf 83' lang='lat' dir='ltr'>salutis</span> <span class='ocrx_word' id='word_1_151' title='bbox 381 2293 461 2331; x_wconf 86' lang='lat' dir='ltr'>meae</span> <span class='ocrx_word' id='word_1_152' title='bbox 472 2274 508 2331; x_wconf 91' lang='lat' dir='ltr'>de</span> <span class='ocrx_word' id='word_1_153' title='bbox 519 2274 600 2331; x_wconf 88' lang='lat' dir='ltr'>vobis</span> <span class='ocrx_word' id='word_1_154' title='bbox 614 2294 646 2331; x_wconf 87' lang='lat' dir='ltr'>ac</span> <span class='ocrx_word' id='word_1_155' title='bbox 657 2275 693 2332; x_wconf 91' lang='lat' dir='ltr'>de</span> <span class='ocrx_word' id='word_1_156' title='bbox 704 2276 804 2332; x_wconf 89' lang='lat' dir='ltr'>vestris</span> <span class='ocrx_word' id='word_1_157' title='bbox 814 2275 912 2333; x_wconf 89' lang='lat' dir='ltr'>liberis</span> 
     </span>
     <span class='ocr_line' id='line_1_24' title="bbox 72 2353 910 2432; baseline -0.001 -20"><span class='ocrx_word' id='word_1_158' title='bbox 72 2356 205 2432; x_wconf 80' lang='lat' dir='ltr'>cogitate.</span> <span class='ocrx_word' id='word_1_159' title='bbox 242 2353 314 2410; x_wconf 89' lang='lat' dir='ltr'>Mihi</span> <span class='ocrx_word' id='word_1_160' title='bbox 329 2354 353 2410; x_wconf 91' lang='lat' dir='ltr'>si</span> <span class='ocrx_word' id='word_1_161' title='bbox 369 2354 439 2412; x_wconf 86' lang='lat' dir='ltr'>hacc</span> <span class='ocrx_word' id='word_1_162' title='bbox 454 2354 585 2412; x_wconf 88' lang='lat' dir='ltr'>condicio</span> <span class='ocrx_word' id='word_1_163' title='bbox 600 2355 764 2412; x_wconf 88' lang='lat' dir='ltr'>consulatus</span> <span class='ocrx_word' id='word_1_164' title='bbox 777 2355 844 2412; x_wconf 84' lang='lat' dir='ltr'>data</span> <span class='ocrx_word' id='word_1_165' title='bbox 857 2362 910 2426; x_wconf 90' lang='lat' dir='ltr'>cst,</span> 
     </span>
     <span class='ocr_line' id='line_1_25' title="bbox 73 2434 911 2511; baseline 0.001 -20"><span class='ocrx_word' id='word_1_166' title='bbox 73 2443 104 2492; x_wconf 89' lang='lat' dir='ltr'>ut</span> <span class='ocrx_word' id='word_1_167' title='bbox 116 2455 215 2492; x_wconf 91' lang='lat' dir='ltr'>omnes</span> <span class='ocrx_word' id='word_1_168' title='bbox 226 2434 400 2506; x_wconf 80' lang='lat' dir='ltr'>acerbitates,</span> <span class='ocrx_word' id='word_1_169' title='bbox 412 2454 511 2492; x_wconf 91' lang='lat' dir='ltr'>omnes</span> <span class='ocrx_word' id='word_1_170' title='bbox 522 2435 634 2492; x_wconf 87' lang='lat' dir='ltr'>dolores</span> <span class='ocrx_word' id='word_1_171' title='bbox 645 2435 840 2511; x_wconf 83' lang='lat' dir='ltr'>cruciatusque</span> <span class='ocrx_word' id='word_1_172' title='bbox 850 2454 911 2510; x_wconf 87' lang='lat' dir='ltr'>pcr-</span> 
     </span>
     <span class='ocr_line' id='line_1_26' title="bbox 73 2515 911 2585; baseline 0.001 -15"><span class='ocrx_word' id='word_1_173' title='bbox 73 2515 185 2585; x_wconf 88' lang='lat' dir='ltr'>ferrem,</span> <span class='ocrx_word' id='word_1_174' title='bbox 195 2515 285 2572; x_wconf 83' lang='lat' dir='ltr'>feram</span> <span class='ocrx_word' id='word_1_175' title='bbox 301 2534 359 2571; x_wconf 92' lang='lat' dir='ltr'>non</span> <span class='ocrx_word' id='word_1_176' title='bbox 374 2515 465 2571; x_wconf 89' lang='lat' dir='ltr'>solum</span> <span class='ocrx_word' id='word_1_177' title='bbox 480 2515 602 2584; x_wconf 79' lang='lat' dir='ltr'>fortiter,</span> <span class='ocrx_word' id='word_1_178' title='bbox 613 2535 710 2572; x_wconf 88' lang='lat' dir='ltr'>verum</span> <span class='ocrx_word' id='word_1_179' title='bbox 725 2516 810 2572; x_wconf 81' lang='lat' dir='ltr'>etiarn</span> <span class='ocrx_word' id='word_1_180' title='bbox 823 2515 911 2571; x_wconf 84' lang='lat' dir='ltr'>liben-</span> 
     </span>
     <span class='ocr_line' id='line_1_27' title="bbox 72 2593 911 2672; baseline 0.001 -22"><span class='ocrx_word' id='word_1_181' title='bbox 72 2600 123 2663; x_wconf 85' lang='lat' dir='ltr'>ter,</span> <span class='ocrx_word' id='word_1_182' title='bbox 134 2595 203 2650; x_wconf 89' lang='lat' dir='ltr'>dum</span> <span class='ocrx_word' id='word_1_183' title='bbox 221 2594 309 2652; x_wconf 87' lang='lat' dir='ltr'>modo</span> <span class='ocrx_word' id='word_1_184' title='bbox 326 2596 397 2652; x_wconf 91' lang='lat' dir='ltr'>meis</span> <span class='ocrx_word' id='word_1_185' title='bbox 413 2594 558 2652; x_wconf 86' lang='lat' dir='ltr'>laboribus</span> <span class='ocrx_word' id='word_1_186' title='bbox 575 2593 655 2650; x_wconf 88' lang='lat' dir='ltr'>robis</span> <span class='ocrx_word' id='word_1_187' title='bbox 672 2595 836 2672; x_wconf 90' lang='lat' dir='ltr'>populoque</span> <span class='ocrx_word' id='word_1_188' title='bbox 854 2595 911 2651; x_wconf 87' lang='lat' dir='ltr'>Ro-</span> 
     </span>
     <span class='ocr_line' id='line_1_28' title="bbox 73 2674 910 2752; baseline 0.002 -24"><span class='ocrx_word' id='word_1_189' title='bbox 73 2692 158 2730; x_wconf 88' lang='lat' dir='ltr'>mano</span> <span class='ocrx_word' id='word_1_190' title='bbox 180 2674 305 2752; x_wconf 76' lang='lat' dir='ltr'>dignitas</span> <span class='ocrx_word' id='word_1_191' title='bbox 326 2675 456 2752; x_wconf 83' lang='lat' dir='ltr'>salusque</span> <span class='ocrx_word' id='word_1_192' title='bbox 476 2675 609 2751; x_wconf 86' lang='lat' dir='ltr'>pariatur.</span> <span class='ocrx_word' id='word_1_193' title='bbox 654 2680 679 2731; x_wconf 81' lang='lat'>2.</span> <span class='ocrx_word' id='word_1_194' title='bbox 699 2674 761 2751; x_wconf 73' lang='lat' dir='ltr'>Ego</span> <span class='ocrx_word' id='word_1_195' title='bbox 783 2695 845 2732; x_wconf 90' lang='lat' dir='ltr'>sum</span> <span class='ocrx_word' id='word_1_196' title='bbox 863 2674 910 2731; x_wconf 92' lang='lat' dir='ltr'>ille</span> 
     </span>
     <span class='ocr_line' id='line_1_29' title="bbox 73 2753 911 2831; baseline 0.001 -22"><span class='ocrx_word' id='word_1_197' title='bbox 73 2754 179 2824; x_wconf 91' lang='lat' dir='ltr'>consul,</span> <span class='ocrx_word' id='word_1_198' title='bbox 196 2762 290 2830; x_wconf 88' lang='lat' dir='ltr'>patres</span> <span class='ocrx_word' id='word_1_199' title='bbox 307 2755 527 2831; x_wconf 71' lang='lat' dir='ltr'>conscriptioni</span> <span class='ocrx_word' id='word_1_200' title='bbox 543 2773 602 2811; x_wconf 92' lang='lat' dir='ltr'>non</span> <span class='ocrx_word' id='word_1_201' title='bbox 617 2753 721 2824; x_wconf 81' lang='lat' dir='ltr'>forum,</span> <span class='ocrx_word' id='word_1_202' title='bbox 734 2755 764 2810; x_wconf 92' lang='lat' dir='ltr'>in</span> <span class='ocrx_word' id='word_1_203' title='bbox 780 2774 836 2831; x_wconf 89' lang='lat' dir='ltr'>qno</span> <span class='ocrx_word' id='word_1_204' title='bbox 851 2774 911 2810; x_wconf 93' lang='lat' dir='ltr'>om-</span> 
     </span>
     <span class='ocr_line' id='line_1_30' title="bbox 73 2834 911 2910; baseline 0.002 -22"><span class='ocrx_word' id='word_1_205' title='bbox 73 2834 117 2889; x_wconf 89' lang='lat' dir='ltr'>nis</span> <span class='ocrx_word' id='word_1_206' title='bbox 131 2835 258 2910; x_wconf 86' lang='lat' dir='ltr'>aequitas</span> <span class='ocrx_word' id='word_1_207' title='bbox 272 2835 441 2904; x_wconf 88' lang='lat' dir='ltr'>continetur,</span> <span class='ocrx_word' id='word_1_208' title='bbox 451 2853 509 2890; x_wconf 92' lang='lat' dir='ltr'>non</span> <span class='ocrx_word' id='word_1_209' title='bbox 524 2853 641 2910; x_wconf 87' lang='lat' dir='ltr'>campus</span> <span class='ocrx_word' id='word_1_210' title='bbox 656 2834 850 2891; x_wconf 87' lang='lat' dir='ltr'>consularibus</span> <span class='ocrx_word' id='word_1_211' title='bbox 864 2854 911 2891; x_wconf 88' lang='lat' dir='ltr'>an·</span> 
     </span>
     <span class='ocr_line' id='line_1_31' title="bbox 73 2914 911 2988; baseline 0.004 -21"><span class='ocrx_word' id='word_1_212' title='bbox 73 2914 169 2988; x_wconf 78' lang='lat' dir='ltr'>spiclis</span> <span class='ocrx_word' id='word_1_213' title='bbox 181 2922 367 2985; x_wconf 76' lang='lat' dir='ltr'>consecratus,</span> <span class='ocrx_word' id='word_1_214' title='bbox 380 2933 436 2970; x_wconf 87' lang='lat' dir='ltr'>non</span> <span class='ocrx_word' id='word_1_215' title='bbox 449 2914 533 2981; x_wconf 82' lang='lat' dir='ltr'>curia,</span> <span class='ocrx_word' id='word_1_216' title='bbox 547 2934 689 2970; x_wconf 87' lang='lat' dir='ltr'>snrrnnum</span> <span class='ocrx_word' id='word_1_217' title='bbox 703 2915 838 2971; x_wconf 79' lang='lat' dir='ltr'>auxilinm</span> <span class='ocrx_word' id='word_1_218' title='bbox 852 2935 911 2970; x_wconf 93' lang='lat' dir='ltr'>om-</span> 
     </span>
     <span class='ocr_line' id='line_1_32' title="bbox 73 2993 919 3070; baseline 0.001 -22"><span class='ocrx_word' id='word_1_219' title='bbox 73 2993 152 3048; x_wconf 85' lang='lat' dir='ltr'>niurn</span> <span class='ocrx_word' id='word_1_220' title='bbox 164 2995 302 3067; x_wconf 62' lang='lat' dir='ltr'>gentiunt,</span> <span class='ocrx_word' id='word_1_221' title='bbox 313 3014 369 3050; x_wconf 82' lang='lat' dir='ltr'>nor]</span> <span class='ocrx_word' id='word_1_222' title='bbox 383 2994 493 3063; x_wconf 86' lang='lat' dir='ltr'>domus,</span> <span class='ocrx_word' id='word_1_223' title='bbox 504 3014 658 3052; x_wconf 86' lang='lat' dir='ltr'>connnuno</span> <span class='ocrx_word' id='word_1_224' title='bbox 668 2995 919 3070; x_wconf 49' lang='lat' dir='ltr'>perinannnman</span> 
     </span>
    </p>
   </div>
   <div class='ocr_carea' id='block_1_7' title="bbox 0 0 999 3480">
    <p class='ocr_par' dir='ltr' id='par_1_7' title="bbox 0 0 999 3480">
     <span class='ocr_line' id='line_1_33' title="bbox 0 0 999 3480; baseline 0 0"><span class='ocrx_word' id='word_1_225' title='bbox 0 0 999 3480; x_wconf 95' lang='lat' dir='ltr'> </span> 
     </span>
    </p>
   </div>
  </div>
 </body>
</html>
