1988 3480
273 128 352 178 CAP.
369 127 601 188 xxrv.·xxv1.,
617 126 632 188 ἐ
646 129 735 178 49-54.
880 128 925 176 101
963 163 977 170 ..

86 233 127 289 rei
143 231 316 308 indignitate
335 230 475 288 decrevit:
497 249 564 288 nam
581 230 686 307 partim
703 229 769 287 ideo
788 229 879 287 fortes
896 231 926 287 in
974 286 976 290 .

86 310 265 369 decernendo
286 329 344 367 non
365 317 453 382 erant,
469 311 536 388 quia
555 310 628 367 nihil
648 309 797 381 timebant,
812 310 926 386 partim,

87 392 154 469 quia
180 390 340 448 timebant:
369 396 432 447 tum
460 391 554 467 erupit
578 410 593 448 e
618 397 726 460 senatu,
746 389 927 466 triumphans

86 472 200 549 gaudio,
217 490 302 548 quem
323 470 441 527 omnino
461 471 557 527 vivum
576 470 654 527 illine
674 471 748 527 exire
768 489 826 527 non
845 489 927 546 opor-

86 559 195 609 tuerat:
217 551 382 627 praesertim
404 550 565 607 cumidem
585 550 632 606 ille
654 551 682 606 in
705 549 806 606 codem
828 550 927 608 ordine

86 632 184 707 paucis
201 629 302 687 diebus
318 637 384 687 ante
401 629 514 700 Catoni,
530 629 688 686 fortissimo
706 630 776 700 viro,
788 629 926 710 iudicium

86 711 232 767 minitanti
252 729 284 767 ac
303 709 485 767 denuntianti
502 708 703 786 respondisset,
719 709 742 764 si
760 709 838 785 quod
854 717 927 766 esset

86 791 115 846 in
128 809 191 847 suas
201 789 333 847 fortunas
344 790 508 847 incendium
519 789 682 859 excitatum,
693 789 724 845 id
735 807 763 845 se
775 807 833 845 non
844 807 926 865 aqua,

86 870 136 926 sed
155 871 237 926 mina
255 871 464 927 restincturum.
506 869 620 928 XXVI.
664 875 709 926 52.
732 868 788 925 His
807 876 869 925 tum
887 887 927 926 re-

86 948 139 1006 bus
153 956 322 1020 commotus,
335 956 364 1007 et
378 950 456 1026 quod
469 949 601 1007 homines
615 949 672 1006 iam
686 956 749 1006 tum
764 948 926 1005 coniuratos

86 1049 151 1086 cum
167 1029 271 1106 gladiis
290 1031 320 1086 in
339 1049 473 1106 campum
492 1030 596 1087 deduci
614 1049 631 1086 a
650 1028 774 1087 Catilina
792 1028 924 1099 sciebam,

85 1109 218 1167 descendi
238 1111 268 1167 in
288 1129 421 1186 campum
441 1129 506 1167 cum
525 1109 689 1166 firmissimo
708 1108 849 1186 praesidio
868 1108 926 1164 for-

84 1190 260 1247 tissimorum
275 1191 400 1246 tiromm
418 1197 447 1247 et
463 1209 529 1247 cum
546 1190 594 1246 illa
609 1189 667 1246 lata
683 1189 845 1265 insignique
862 1188 926 1244 lori-

85 1289 125 1339 ca,
137 1290 196 1327 non
211 1289 282 1346 quae
298 1289 345 1326 me
359 1270 616 1346 tegeret-etenim
633 1269 756 1325 sciebam
771 1267 925 1325 Catilinam

84 1369 143 1406 non
164 1349 238 1406 latus
259 1357 308 1406 aut
329 1356 466 1419 ventrem,
484 1349 535 1406 sed
555 1356 641 1425 eaput
661 1356 690 1405 et
711 1348 815 1404 collum
837 1347 925 1404 solere

85 1436 230 1504 petere-,
242 1448 340 1485 vemrn
357 1436 390 1485 ut
407 1448 506 1486 omnes
523 1428 592 1485 boni
609 1429 872 1497 animadverterent,
887 1433 924 1497 et,

85 1527 151 1564 eum
166 1509 195 1564 in
210 1515 289 1564 metu
306 1516 336 1565 et
349 1508 476 1584 periculo
493 1509 639 1564 consulem
653 1508 790 1578 viderent,
802 1507 833 1563 id
847 1506 925 1583 quod

85 1595 129 1643 est
153 1588 271 1658 factum,
292 1588 329 1644 ad
353 1606 439 1663 opem
463 1587 693 1663 praesidiumque
717 1594 923 1644 concurrerent.

86 1667 187 1743 Itaque
206 1686 271 1723 cum
291 1673 328 1738 te,
344 1665 431 1738 Servi,
448 1667 636 1724 remissiorem
654 1668 683 1722 in
701 1666 826 1743 petendo
845 1674 926 1743 puta-

85 1755 157 1817 rent,
170 1746 324 1804 Catilinam
339 1753 368 1804 et
382 1765 432 1823 spe
449 1754 478 1804 et
492 1746 649 1823 eupiditate
663 1746 872 1802 inflammatum
886 1747 926 1804 vi-

86 1826 193 1899 derent,
213 1845 319 1896 omnes,
339 1827 388 1904 qui
409 1826 486 1883 illam
497 1827 543 1883 'ab
565 1846 594 1883 re
614 1826 729 1904 publica
748 1833 858 1902 pestem
879 1826 926 1883 de·

10 1922 13 1927 ’
85 1906 189 1982 pellere
203 1906 364 1983 cupiebant,
375 1907 411 1964 ad
422 1906 570 1963 Murenam
582 1926 611 1963 se
622 1907 720 1963 statim
734 1906 923 1964 contulerunt.

86 1992 131 2043 53.
151 1986 256 2063 Magna
267 1994 309 2043 est
320 1994 416 2044 autem
431 1987 555 2044 comitiis
569 1986 763 2044 consularibus
777 1987 926 2063 repentina

43 2063 46 2069 ’
85 2067 264 2123 voluntatum
285 2066 442 2136 inclinati0,
461 2067 627 2142 praesertim
651 2086 717 2124 cum
738 2066 868 2124 incubuit
888 2067 926 2123 ad

84 2145 177 2203 virum
199 2146 307 2203 bonum
328 2154 357 2203 et
377 2146 476 2203 multis
498 2146 560 2203 aliis
582 2147 755 2204 adiumentis
776 2147 925 2223 petitionis

85 2225 225 2283 ornatum.
262 2225 318 2294 Qui
329 2246 394 2283 cum
405 2226 607 2283 honestissimo
620 2235 705 2304 patre'
715 2234 800 2304 atque
814 2227 926 2283 maiori-

84 2305 146 2376 buS,
161 2306 372 2363 modestissima
390 2302 587 2378 adolescentia,
603 2306 757 2364 clarissima
773 2307 924 2383 legatione,

84 2394 217 2461 praetura
233 2386 353 2461 probata
370 2386 399 2443 in
416 2387 485 2457 iure,
497 2393 578 2463 grata
595 2387 624 2442 in
642 2406 766 2456 munere,
780 2395 879 2443 ornata
893 2387 924 2442 in

85 2464 238 2540 provincia,
251 2466 369 2541 petisset
383 2465 535 2543 diligenter
551 2473 580 2523 et
594 2467 635 2522 ita
649 2467 776 2542 petisset,
788 2473 820 2522 ut
834 2485 924 2541 neque

84 2545 207 2602 minanti
224 2546 335 2602 cederet
351 2565 444 2622 neque
463 2547 595 2621 cuiquam
613 2547 775 2615 minaretur,
792 2544 857 2600 huie
875 2546 921 2601 mi

85 2625 205 2680 randum
234 2632 276 2682 est
303 2645 409 2702 magno
436 2626 602 2702 adiumento
631 2625 771 2682 Catilinae
801 2624 924 2681 subitam

86 2722 166 2778 spem
181 2705 344 2761 consulatus
358 2705 534 2782 adipiscendi
548 2706 655 2762 luisset

127 2787 172 2839 54.
196 2783 280 2840 Nunc
296 2785 368 2842 mihi
385 2786 487 2842 tertius
504 2785 550 2842 illc
567 2785 646 2842 loeus
665 2792 708 2842 est
725 2784 849 2860 reliquus
866 2803 925 2840 ora-

85 2863 174 2918 tionis
188 2863 224 2919 de
241 2864 365 2921 ambitus
381 2865 555 2934 criminibus
568 2872 755 2942 perpurgatus
770 2864 805 2920 ab
820 2864 862 2932 iis,
875 2863 924 2939 qui

86 2949 152 2998 ante
169 2959 215 2999 me
232 2942 372 3015 dixerunt,
385 2965 402 3001 a
418 2965 472 3013 me,
486 2946 620 3021 quoniam
635 2945 676 3001 ita
693 2944 811 3000 Murena
824 2942 923 3010 voluit,

86 3023 295 3080 retractandus:
316 3043 372 3100 quo
387 3024 417 3080 in
428 3024 491 3080 loco
506 3021 953 3089 C.Postumo,tarn'dmixmm

75 3103 266 3160 'ornatissimo
285 3104 356 3177 viro,
373 3104 411 3164 de
428 3104 598 3163 divisorum
610 3100 740 3158 'indiciis
758 3101 794 3148 et
806 3092 851 3143 nc
866 3088 911 3137 bt
927 3097 975 3128 W

74 3179 174 3240 irensis
196 3186 343 3254 necuniis
360 3186 557 3247 adolescenti
571 3180 744 3260 ingenioso
767 3166 926 3226 ebbffiffi
