<?xml version="1.0" encoding="UTF-8"?>
<!DOCTYPE html PUBLIC "-//W3C//DTD XHTML 1.0 Transitional//EN"
    "http://www.w3.org/TR/xhtml1/DTD/xhtml1-transitional.dtd">
<html xmlns="http://www.w3.org/1999/xhtml" xml:lang="en" lang="en">
 <head>
  <title>
</title>
<meta http-equiv="Content-Type" content="text/html;charset=utf-8" />
  <meta name='ocr-system' content='tesseract 3.04.00' />
  <meta name='ocr-capabilities' content='ocr_page ocr_carea ocr_par ocr_line ocrx_word'/>
</head>
<body>
  <div class='ocr_page' id='page_1' title='image "./mtulliiciceroni32cicegoog_0197.png"; bbox 0 0 1988 3480; ppageno 0'>
   <div class='ocr_carea' id='block_1_1' title="bbox 80 112 733 164">
    <p class='ocr_par' dir='ltr' id='par_1_1' title="bbox 80 112 733 164">
     <span class='ocr_line' id='line_1_1' title="bbox 80 112 733 164; baseline 0.003 -2"><span class='ocrx_word' id='word_1_1' title='bbox 80 118 125 162; x_wconf 74' lang='lat'><strong>182</strong></span> <span class='ocrx_word' id='word_1_2' title='bbox 239 114 310 163; x_wconf 83' lang='lat' dir='ltr'><strong>PRO</strong></span> <span class='ocrx_word' id='word_1_3' title='bbox 328 114 365 163; x_wconf 89' lang='lat' dir='ltr'><strong>M.</strong></span> <span class='ocrx_word' id='word_1_4' title='bbox 380 113 574 163; x_wconf 82' lang='lat' dir='ltr'>MARCELLO</span> <span class='ocrx_word' id='word_1_5' title='bbox 591 112 733 164; x_wconf 78' lang='lat' dir='ltr'>ORATIO.</span> 
     </span>
    </p>
   </div>
   <div class='ocr_carea' id='block_1_2' title="bbox 78 215 932 612">
    <p class='ocr_par' dir='ltr' id='par_1_2' title="bbox 78 215 932 612">
     <span class='ocr_line' id='line_1_2' title="bbox 78 215 932 292; baseline 0.005 -21"><span class='ocrx_word' id='word_1_6' title='bbox 78 216 248 290; x_wconf 75' lang='lat' dir='ltr'><strong>dignitatem</strong></span> <span class='ocrx_word' id='word_1_7' title='bbox 263 215 318 272; x_wconf 87' lang='lat' dir='ltr'><strong>lroe</strong></span> <span class='ocrx_word' id='word_1_8' title='bbox 332 215 396 292; x_wconf 93' lang='lat' dir='ltr'><strong>ipso</strong></span> <span class='ocrx_word' id='word_1_9' title='bbox 409 215 440 271; x_wconf 92' lang='lat' dir='ltr'><strong>in</strong></span> <span class='ocrx_word' id='word_1_10' title='bbox 454 235 587 273; x_wconf 89' lang='lat' dir='ltr'><strong>consessu</strong></span> <span class='ocrx_word' id='word_1_11' title='bbox 602 215 712 285; x_wconf 87' lang='lat' dir='ltr'><strong>videtis,</strong></span> <span class='ocrx_word' id='word_1_12' title='bbox 725 234 785 273; x_wconf 92' lang='lat' dir='ltr'><strong>non</strong></span> <span class='ocrx_word' id='word_1_13' title='bbox 798 215 851 275; x_wconf 89' lang='lat' dir='ltr'><strong>ille</strong></span> <span class='ocrx_word' id='word_1_14' title='bbox 862 215 932 275; x_wconf 70' lang='lat' dir='ltr'><strong>hos</strong></span> 
     </span>
     <span class='ocr_line' id='line_1_3' title="bbox 78 294 929 374; baseline 0.002 -22"><span class='ocrx_word' id='word_1_15' title='bbox 78 310 121 352; x_wconf 85' lang='lat' dir='ltr'><strong>tcs</strong></span> <span class='ocrx_word' id='word_1_16' title='bbox 134 295 248 352; x_wconf 78' lang='lat' dir='ltr'>induxit</span> <span class='ocrx_word' id='word_1_17' title='bbox 262 296 292 351; x_wconf 91' lang='lat' dir='ltr'><strong>in</strong></span> <span class='ocrx_word' id='word_1_18' title='bbox 307 296 422 366; x_wconf 89' lang='lat' dir='ltr'><strong>curiam,</strong></span> <span class='ocrx_word' id='word_1_19' title='bbox 436 295 486 352; x_wconf 90' lang='lat' dir='ltr'><strong>sed</strong></span> <span class='ocrx_word' id='word_1_20' title='bbox 500 295 636 352; x_wconf 81' lang='lat' dir='ltr'><strong>iudicavit</strong></span> <span class='ocrx_word' id='word_1_21' title='bbox 650 315 667 352; x_wconf 85' lang='lat' dir='ltr'><strong>a</strong></span> <span class='ocrx_word' id='word_1_22' title='bbox 680 294 829 372; x_wconf 90' lang='lat' dir='ltr'><strong>plerisque</strong></span> <span class='ocrx_word' id='word_1_23' title='bbox 844 297 929 374; x_wconf 86' lang='lat' dir='ltr'><strong>igno·</strong></span> 
     </span>
     <span class='ocr_line' id='line_1_4' title="bbox 78 375 929 453; baseline 0.004 -22"><span class='ocrx_word' id='word_1_24' title='bbox 78 375 186 432; x_wconf 88' lang='lat' dir='ltr'><strong>ratione</strong></span> <span class='ocrx_word' id='word_1_25' title='bbox 203 376 300 451; x_wconf 89' lang='lat' dir='ltr'><strong>potius</strong></span> <span class='ocrx_word' id='word_1_26' title='bbox 317 383 346 432; x_wconf 92' lang='lat' dir='ltr'><strong>et</strong></span> <span class='ocrx_word' id='word_1_27' title='bbox 359 375 432 432; x_wconf 85' lang='lat' dir='ltr'><strong>falso</strong></span> <span class='ocrx_word' id='word_1_28' title='bbox 450 382 535 451; x_wconf 84' lang='lat' dir='ltr'><strong>atque</strong></span> <span class='ocrx_word' id='word_1_29' title='bbox 550 375 627 432; x_wconf 88' lang='lat' dir='ltr'><strong>inani</strong></span> <span class='ocrx_word' id='word_1_30' title='bbox 644 381 724 431; x_wconf 92' lang='lat' dir='ltr'><strong>metu</strong></span> <span class='ocrx_word' id='word_1_31' title='bbox 739 394 831 452; x_wconf 85' lang='lat' dir='ltr'><strong>quam</strong></span> <span class='ocrx_word' id='word_1_32' title='bbox 847 378 929 453; x_wconf 70' lang='lat' dir='ltr'><strong>cupi⁴</strong></span> 
     </span>
     <span class='ocr_line' id='line_1_5' title="bbox 78 454 927 531; baseline 0.004 -20"><span class='ocrx_word' id='word_1_33' title='bbox 78 455 166 512; x_wconf 86' lang='lat' dir='ltr'><strong>ditate</strong></span> <span class='ocrx_word' id='word_1_34' title='bbox 188 462 238 511; x_wconf 86' lang='lat' dir='ltr'><strong>aut</strong></span> <span class='ocrx_word' id='word_1_35' title='bbox 258 454 424 512; x_wconf 85' lang='lat' dir='ltr'><strong>crudelitate</strong></span> <span class='ocrx_word' id='word_1_36' title='bbox 445 455 551 512; x_wconf 88' lang='lat' dir='ltr'><strong>bellum</strong></span> <span class='ocrx_word' id='word_1_37' title='bbox 572 474 632 511; x_wconf 83' lang='lat' dir='ltr'><strong>esse</strong></span> <span class='ocrx_word' id='word_1_38' title='bbox 653 462 830 531; x_wconf 89' lang='lat' dir='ltr'><strong>susceptum.</strong></span> <span class='ocrx_word' id='word_1_39' title='bbox 878 461 927 515; x_wconf 84' lang='lat'><strong>14.</strong></span> 
     </span>
     <span class='ocr_line' id='line_1_6' title="bbox 78 533 928 612; baseline 0.004 -22"><span class='ocrx_word' id='word_1_40' title='bbox 78 534 143 602; x_wconf 81' lang='lat' dir='ltr'><strong>Qua</strong></span> <span class='ocrx_word' id='word_1_41' title='bbox 168 535 284 612; x_wconf 90' lang='lat' dir='ltr'><strong>quidem</strong></span> <span class='ocrx_word' id='word_1_42' title='bbox 309 535 338 591; x_wconf 91' lang='lat' dir='ltr'><strong>in</strong></span> <span class='ocrx_word' id='word_1_43' title='bbox 363 535 438 592; x_wconf 93' lang='lat' dir='ltr'><strong>bello</strong></span> <span class='ocrx_word' id='word_1_44' title='bbox 462 554 574 612; x_wconf 78' lang='lat' dir='ltr'>semper</span> <span class='ocrx_word' id='word_1_45' title='bbox 595 534 630 590; x_wconf 90' lang='lat' dir='ltr'><strong>de</strong></span> <span class='ocrx_word' id='word_1_46' title='bbox 652 553 720 610; x_wconf 85' lang='lat' dir='ltr'><strong>paee</strong></span> <span class='ocrx_word' id='word_1_47' title='bbox 741 533 928 593; x_wconf 87' lang='lat' dir='ltr'><strong>audiendum</strong></span> 
     </span>
    </p>
   </div>
   <div class='ocr_carea' id='block_1_3' title="bbox 37 614 985 3238">
    <p class='ocr_par' dir='ltr' id='par_1_3' title="bbox 37 614 985 2846">
     <span class='ocr_line' id='line_1_7' title="bbox 78 614 927 692; baseline 0.001 -21"><span class='ocrx_word' id='word_1_48' title='bbox 78 615 177 692; x_wconf 84' lang='lat' dir='ltr'><strong>putavi</strong></span> <span class='ocrx_word' id='word_1_49' title='bbox 191 634 357 692; x_wconf 81' lang='lat' dir='ltr'><strong>semperque</strong></span> <span class='ocrx_word' id='word_1_50' title='bbox 372 615 451 672; x_wconf 93' lang='lat' dir='ltr'><strong>dolui</strong></span> <span class='ocrx_word' id='word_1_51' title='bbox 466 634 523 671; x_wconf 90' lang='lat' dir='ltr'><strong>non</strong></span> <span class='ocrx_word' id='word_1_52' title='bbox 542 614 629 671; x_wconf 92' lang='lat' dir='ltr'><strong>modo</strong></span> <span class='ocrx_word' id='word_1_53' title='bbox 644 632 752 690; x_wconf 83' lang='lat' dir='ltr'><strong>pacem,</strong></span> <span class='ocrx_word' id='word_1_54' title='bbox 766 614 819 671; x_wconf 89' lang='lat' dir='ltr'><strong>sed</strong></span> <span class='ocrx_word' id='word_1_55' title='bbox 834 615 927 672; x_wconf 83' lang='lat' dir='ltr'><strong>etiarn</strong></span> 
     </span>
     <span class='ocr_line' id='line_1_8' title="bbox 78 693 927 771; baseline 0.001 -20"><span class='ocrx_word' id='word_1_56' title='bbox 78 695 236 752; x_wconf 86' lang='lat' dir='ltr'><strong>orationem</strong></span> <span class='ocrx_word' id='word_1_57' title='bbox 249 696 352 751; x_wconf 83' lang='lat' dir='ltr'><strong>civium</strong></span> <span class='ocrx_word' id='word_1_58' title='bbox 364 714 462 771; x_wconf 82' lang='lat' dir='ltr'><strong>pacem</strong></span> <span class='ocrx_word' id='word_1_59' title='bbox 474 694 666 771; x_wconf 77' lang='lat' dir='ltr'><strong>flagitantium</strong></span> <span class='ocrx_word' id='word_1_60' title='bbox 682 693 836 769; x_wconf 89' lang='lat' dir='ltr'><strong>repudiari.</strong></span> <span class='ocrx_word' id='word_1_61' title='bbox 867 695 898 751; x_wconf 94' lang='lat' dir='ltr'>N</span> <span class='ocrx_word' id='word_1_62' title='bbox 899 715 927 752; x_wconf 80' lang='lat' dir='ltr'><strong>e</strong></span> 
     </span>
     <span class='ocr_line' id='line_1_9' title="bbox 83 774 925 852; baseline 0 -20"><span class='ocrx_word' id='word_1_63' title='bbox 83 793 134 852; x_wconf 78' lang='lat' dir='ltr'><strong>que</strong></span> <span class='ocrx_word' id='word_1_64' title='bbox 156 775 232 832; x_wconf 91' lang='lat' dir='ltr'><strong>enim</strong></span> <span class='ocrx_word' id='word_1_65' title='bbox 258 794 311 850; x_wconf 78' lang='lat' dir='ltr'><strong>ego</strong></span> <span class='ocrx_word' id='word_1_66' title='bbox 336 774 384 830; x_wconf 87' lang='lat' dir='ltr'><strong>illa</strong></span> <span class='ocrx_word' id='word_1_67' title='bbox 406 794 457 831; x_wconf 89' lang='lat' dir='ltr'><strong>neo</strong></span> <span class='ocrx_word' id='word_1_68' title='bbox 481 774 538 831; x_wconf 89' lang='lat' dir='ltr'><strong>ulla</strong></span> <span class='ocrx_word' id='word_1_69' title='bbox 559 793 696 850; x_wconf 87' lang='lat' dir='ltr'><strong>umquam</strong></span> <span class='ocrx_word' id='word_1_70' title='bbox 717 779 834 830; x_wconf 87' lang='lat' dir='ltr'><strong>secutus</strong></span> <span class='ocrx_word' id='word_1_71' title='bbox 857 794 925 832; x_wconf 90' lang='lat' dir='ltr'><strong>sum</strong></span> 
     </span>
     <span class='ocr_line' id='line_1_10' title="bbox 81 852 925 931; baseline 0 -21"><span class='ocrx_word' id='word_1_72' title='bbox 81 874 157 911; x_wconf 78' lang='lat' dir='ltr'><strong>arma</strong></span> <span class='ocrx_word' id='word_1_73' title='bbox 173 854 266 910; x_wconf 79' lang='lat' dir='ltr'><strong>civilia</strong></span> <span class='ocrx_word' id='word_1_74' title='bbox 283 873 449 930; x_wconf 89' lang='lat' dir='ltr'><strong>semperque</strong></span> <span class='ocrx_word' id='word_1_75' title='bbox 468 873 532 910; x_wconf 86' lang='lat' dir='ltr'><strong>mea</strong></span> <span class='ocrx_word' id='word_1_76' title='bbox 552 854 670 910; x_wconf 84' lang='lat' dir='ltr'><strong>consilia</strong></span> <span class='ocrx_word' id='word_1_77' title='bbox 686 852 765 929; x_wconf 86' lang='lat' dir='ltr'><strong>paeis</strong></span> <span class='ocrx_word' id='word_1_78' title='bbox 786 859 817 910; x_wconf 92' lang='lat' dir='ltr'><strong>et</strong></span> <span class='ocrx_word' id='word_1_79' title='bbox 835 861 925 931; x_wconf 84' lang='lat' dir='ltr'><strong>togae</strong></span> 
     </span>
     <span class='ocr_line' id='line_1_11' title="bbox 79 932 924 1069; baseline 0 -78"><span class='ocrx_word' id='word_1_80' title='bbox 79 935 163 1004; x_wconf 82' lang='lat' dir='ltr'><strong>socia,</strong></span> <span class='ocrx_word' id='word_1_81' title='bbox 176 953 234 989; x_wconf 90' lang='lat' dir='ltr'><strong>non</strong></span> <span class='ocrx_word' id='word_1_82' title='bbox 248 932 315 989; x_wconf 91' lang='lat' dir='ltr'><strong>belli</strong></span> <span class='ocrx_word' id='word_1_83' title='bbox 317 942 414 1069; x_wconf 39' lang='lat' dir='ltr'><strong>&#39;atque</strong></span> <span class='ocrx_word' id='word_1_84' title='bbox 430 953 574 990; x_wconf 91' lang='lat' dir='ltr'><strong>armorum</strong></span> <span class='ocrx_word' id='word_1_85' title='bbox 591 933 715 989; x_wconf 87' lang='lat' dir='ltr'><strong>fuerunt.</strong></span> <span class='ocrx_word' id='word_1_86' title='bbox 758 932 924 991; x_wconf 87' lang='lat' dir='ltr'><strong>Hominem</strong></span> 
     </span>
     <span class='ocr_line' id='line_1_12' title="bbox 80 1012 923 1148; baseline 0.004 -80"><span class='ocrx_word' id='word_1_87' title='bbox 80 1033 142 1069; x_wconf 93' lang='lat' dir='ltr'><strong>sum</strong></span> <span class='ocrx_word' id='word_1_88' title='bbox 158 1020 236 1069; x_wconf 87' lang='lat' dir='ltr'><strong>secut</strong></span> <span class='ocrx_word' id='word_1_89' title='bbox 238 1033 270 1069; x_wconf 91' lang='lat' dir='ltr'><strong>us</strong></span> <span class='ocrx_word' id='word_1_90' title='bbox 281 1013 372 1148; x_wconf 82' lang='lat' dir='ltr'><strong>privat</strong></span> <span class='ocrx_word' id='word_1_91' title='bbox 375 1013 530 1083; x_wconf 89' lang='lat' dir='ltr'><strong>oconsilio‚</strong></span> <span class='ocrx_word' id='word_1_92' title='bbox 543 1032 600 1069; x_wconf 91' lang='lat' dir='ltr'><strong>non</strong></span> <span class='ocrx_word' id='word_1_93' title='bbox 613 1012 735 1104; x_wconf 82' lang='lat' dir='ltr'><strong>publico,</strong></span> <span class='ocrx_word' id='word_1_94' title='bbox 745 1018 923 1090; x_wconf 84' lang='lat' dir='ltr'><strong>tantumque</strong></span> 
     </span>
     <span class='ocr_line' id='line_1_13' title="bbox 80 1091 924 1169; baseline 0.002 -21"><span class='ocrx_word' id='word_1_95' title='bbox 80 1092 156 1169; x_wconf 90' lang='lat' dir='ltr'><strong>apud</strong></span> <span class='ocrx_word' id='word_1_96' title='bbox 170 1111 216 1149; x_wconf 92' lang='lat' dir='ltr'><strong>me</strong></span> <span class='ocrx_word' id='word_1_97' title='bbox 230 1099 293 1168; x_wconf 81' lang='lat' dir='ltr'><strong>grat</strong></span> <span class='ocrx_word' id='word_1_98' title='bbox 295 1093 303 1147; x_wconf 91' lang='lat' dir='ltr'><strong>i</strong></span> <span class='ocrx_word' id='word_1_99' title='bbox 320 1093 408 1149; x_wconf 91' lang='lat' dir='ltr'><strong>animi</strong></span> <span class='ocrx_word' id='word_1_100' title='bbox 425 1092 516 1150; x_wconf 90' lang='lat' dir='ltr'><strong>fidelis</strong></span> <span class='ocrx_word' id='word_1_101' title='bbox 530 1093 668 1149; x_wconf 86' lang='lat' dir='ltr'><strong>memoria</strong></span> <span class='ocrx_word' id='word_1_102' title='bbox 682 1091 778 1163; x_wconf 84' lang='lat' dir='ltr'><strong>valuit,</strong></span> <span class='ocrx_word' id='word_1_103' title='bbox 791 1099 825 1148; x_wconf 91' lang='lat' dir='ltr'><strong>ut</strong></span> <span class='ocrx_word' id='word_1_104' title='bbox 843 1093 924 1150; x_wconf 86' lang='lat' dir='ltr'><strong>nulla</strong></span> 
     </span>
     <span class='ocr_line' id='line_1_14' title="bbox 80 1136 923 1249; baseline 0.005 -22"><span class='ocrx_word' id='word_1_105' title='bbox 80 1191 137 1228; x_wconf 91' lang='lat' dir='ltr'><strong>non</strong></span> <span class='ocrx_word' id='word_1_106' title='bbox 155 1171 242 1228; x_wconf 91' lang='lat' dir='ltr'><strong>modo</strong></span> <span class='ocrx_word' id='word_1_107' title='bbox 257 1173 384 1248; x_wconf 86' lang='lat' dir='ltr'><strong>cupidita</strong></span> <span class='ocrx_word' id='word_1_108' title='bbox 385 1180 421 1240; x_wconf 89' lang='lat' dir='ltr'><strong>te,</strong></span> <span class='ocrx_word' id='word_1_109' title='bbox 385 1173 484 1229; x_wconf 92' lang='lat' dir='ltr'><strong>tsed</strong></span> <span class='ocrx_word' id='word_1_110' title='bbox 501 1191 536 1229; x_wconf 94' lang='lat' dir='ltr'><strong>ne</strong></span> <span class='ocrx_word' id='word_1_111' title='bbox 554 1192 604 1249; x_wconf 92' lang='lat' dir='ltr'><strong>spe</strong></span> <span class='ocrx_word' id='word_1_112' title='bbox 619 1172 733 1248; x_wconf 89' lang='lat' dir='ltr'><strong>quidem</strong></span> <span class='ocrx_word' id='word_1_113' title='bbox 748 1136 878 1248; x_wconf 82' lang='lat' dir='ltr'><strong>pludens</strong></span> <span class='ocrx_word' id='word_1_114' title='bbox 892 1180 923 1231; x_wconf 89' lang='lat' dir='ltr'><strong>et</strong></span> 
     </span>
     <span class='ocr_line' id='line_1_15' title="bbox 80 1250 920 1328; baseline 0.002 -20"><span class='ocrx_word' id='word_1_115' title='bbox 80 1252 170 1308; x_wconf 87' lang='lat' dir='ltr'><strong>sciens</strong></span> <span class='ocrx_word' id='word_1_116' title='bbox 190 1258 337 1328; x_wconf 78' lang='lat' dir='ltr'><strong>tamquam</strong></span> <span class='ocrx_word' id='word_1_117' title='bbox 358 1253 458 1309; x_wconf 93' lang='lat' dir='ltr'><strong>ad&#39;t</strong></span> <span class='ocrx_word' id='word_1_118' title='bbox 416 1272 443 1308; x_wconf 92' lang='lat' dir='ltr'><strong>ru</strong></span> <span class='ocrx_word' id='word_1_119' title='bbox 446 1253 512 1312; x_wconf 90' lang='lat' dir='ltr'><strong>terit</strong></span> <span class='ocrx_word' id='word_1_120' title='bbox 513 1271 563 1308; x_wconf 92' lang='lat' dir='ltr'><strong>um</strong></span> <span class='ocrx_word' id='word_1_121' title='bbox 583 1261 693 1309; x_wconf 84' lang='lat' dir='ltr'><strong>ruerem</strong></span> <span class='ocrx_word' id='word_1_122' title='bbox 714 1250 920 1310; x_wconf 87' lang='lat' dir='ltr'><strong>voluntarium.</strong></span> 
     </span>
     <span class='ocr_line' id='line_1_16' title="bbox 83 1331 921 1409; baseline 0.001 -21"><span class='ocrx_word' id='word_1_123' title='bbox 83 1337 126 1389; x_wconf 85' lang='grc'><strong>15.</strong></span> <span class='ocrx_word' id='word_1_124' title='bbox 139 1331 224 1400; x_wconf 83' lang='lat' dir='ltr'><strong>Quod</strong></span> <span class='ocrx_word' id='word_1_125' title='bbox 236 1332 350 1409; x_wconf 90' lang='lat' dir='ltr'><strong>quidem</strong></span> <span class='ocrx_word' id='word_1_126' title='bbox 362 1351 458 1388; x_wconf 90' lang='lat' dir='ltr'><strong>meum</strong></span> <span class='ocrx_word' id='word_1_127' title='bbox 473 1332 623 1389; x_wconf 89' lang='lat' dir='ltr'><strong>consilium</strong></span> <span class='ocrx_word' id='word_1_128' title='bbox 635 1331 752 1388; x_wconf 89' lang='lat' dir='ltr'><strong>minime</strong></span> <span class='ocrx_word' id='word_1_129' title='bbox 764 1331 921 1389; x_wconf 89' lang='lat' dir='ltr'><strong>obscurum</strong></span> 
     </span>
     <span class='ocr_line' id='line_1_17' title="bbox 80 1410 922 1487; baseline 0.001 -18"><span class='ocrx_word' id='word_1_130' title='bbox 80 1412 145 1469; x_wconf 85' lang='lat' dir='ltr'><strong>fnit.</strong></span> <span class='ocrx_word' id='word_1_131' title='bbox 188 1412 263 1468; x_wconf 89' lang='lat' dir='ltr'><strong>Nam</strong></span> <span class='ocrx_word' id='word_1_132' title='bbox 285 1413 366 1468; x_wconf 92' lang='lat' dir='ltr'><strong>etin</strong></span> <span class='ocrx_word' id='word_1_133' title='bbox 388 1411 444 1468; x_wconf 91' lang='lat' dir='ltr'><strong>hoe</strong></span> <span class='ocrx_word' id='word_1_134' title='bbox 466 1411 566 1468; x_wconf 89' lang='lat' dir='ltr'><strong>ordine</strong></span> <span class='ocrx_word' id='word_1_135' title='bbox 588 1412 699 1487; x_wconf 86' lang='lat' dir='ltr'><strong>integra</strong></span> <span class='ocrx_word' id='word_1_136' title='bbox 719 1430 749 1467; x_wconf 93' lang='lat' dir='ltr'><strong>re</strong></span> <span class='ocrx_word' id='word_1_137' title='bbox 769 1410 864 1469; x_wconf 83' lang='lat' dir='ltr'><strong>multa</strong></span> <span class='ocrx_word' id='word_1_138' title='bbox 884 1412 922 1470; x_wconf 92' lang='lat' dir='ltr'><strong>de</strong></span> 
     </span>
     <span class='ocr_line' id='line_1_18' title="bbox 80 1491 922 1568; baseline 0 -20"><span class='ocrx_word' id='word_1_139' title='bbox 80 1510 149 1568; x_wconf 90' lang='lat' dir='ltr'><strong>pace</strong></span> <span class='ocrx_word' id='word_1_140' title='bbox 166 1492 225 1548; x_wconf 90' lang='lat' dir='ltr'><strong>dixi</strong></span> <span class='ocrx_word' id='word_1_141' title='bbox 243 1499 272 1548; x_wconf 89' lang='lat' dir='ltr'><strong>et</strong></span> <span class='ocrx_word' id='word_1_142' title='bbox 289 1492 317 1547; x_wconf 93' lang='lat' dir='ltr'><strong>in</strong></span> <span class='ocrx_word' id='word_1_143' title='bbox 335 1492 398 1568; x_wconf 92' lang='lat' dir='ltr'><strong>ipso</strong></span> <span class='ocrx_word' id='word_1_144' title='bbox 415 1491 490 1548; x_wconf 92' lang='lat' dir='ltr'><strong>bello</strong></span> <span class='ocrx_word' id='word_1_145' title='bbox 508 1491 608 1548; x_wconf 85' lang='lat' dir='ltr'><strong>eadem</strong></span> <span class='ocrx_word' id='word_1_146' title='bbox 624 1491 712 1548; x_wconf 88' lang='lat' dir='ltr'><strong>etiam</strong></span> <span class='ocrx_word' id='word_1_147' title='bbox 728 1509 796 1548; x_wconf 90' lang='lat' dir='ltr'><strong>cum</strong></span> <span class='ocrx_word' id='word_1_148' title='bbox 816 1492 922 1568; x_wconf 86' lang='lat' dir='ltr'><strong>eapitis</strong></span> 
     </span>
     <span class='ocr_line' id='line_1_19' title="bbox 80 1571 924 1648; baseline 0.002 -20"><span class='ocrx_word' id='word_1_149' title='bbox 80 1573 136 1629; x_wconf 93' lang='lat' dir='ltr'><strong>mei</strong></span> <span class='ocrx_word' id='word_1_150' title='bbox 148 1571 274 1648; x_wconf 90' lang='lat' dir='ltr'><strong>perieulo</strong></span> <span class='ocrx_word' id='word_1_151' title='bbox 289 1573 369 1629; x_wconf 90' lang='lat' dir='ltr'><strong>sensi.</strong></span> <span class='ocrx_word' id='word_1_152' title='bbox 406 1571 449 1628; x_wconf 82' lang='lat' dir='ltr'><strong>Ex</strong></span> <span class='ocrx_word' id='word_1_153' title='bbox 461 1591 518 1648; x_wconf 92' lang='lat' dir='ltr'><strong>quo</strong></span> <span class='ocrx_word' id='word_1_154' title='bbox 533 1590 618 1627; x_wconf 93' lang='lat' dir='ltr'><strong>nemo</strong></span> <span class='ocrx_word' id='word_1_155' title='bbox 628 1571 685 1627; x_wconf 88' lang='lat' dir='ltr'><strong>iam</strong></span> <span class='ocrx_word' id='word_1_156' title='bbox 697 1571 751 1628; x_wconf 86' lang='lat' dir='ltr'><strong>erit</strong></span> <span class='ocrx_word' id='word_1_157' title='bbox 760 1577 821 1628; x_wconf 83' lang='lat' dir='ltr'><strong>tam</strong></span> <span class='ocrx_word' id='word_1_158' title='bbox 832 1571 924 1630; x_wconf 83' lang='lat' dir='ltr'><strong>inins-</strong></span> 
     </span>
     <span class='ocr_line' id='line_1_20' title="bbox 80 1649 921 1728; baseline 0.001 -20"><span class='ocrx_word' id='word_1_159' title='bbox 80 1659 127 1708; x_wconf 88' lang='lat' dir='ltr'><strong>tus</strong></span> <span class='ocrx_word' id='word_1_160' title='bbox 144 1652 321 1709; x_wconf 82' lang='lat' dir='ltr'><strong>existimator</strong></span> <span class='ocrx_word' id='word_1_161' title='bbox 336 1671 429 1709; x_wconf 90' lang='lat' dir='ltr'><strong>rerum</strong></span> <span class='ocrx_word' id='word_1_162' title='bbox 447 1652 496 1728; x_wconf 92' lang='lat' dir='ltr'><strong>qui</strong></span> <span class='ocrx_word' id='word_1_163' title='bbox 514 1650 627 1707; x_wconf 90' lang='lat' dir='ltr'><strong>dubitet</strong></span> <span class='ocrx_word' id='word_1_164' title='bbox 644 1670 716 1727; x_wconf 86' lang='lat' dir='ltr'><strong>quae</strong></span> <span class='ocrx_word' id='word_1_165' title='bbox 733 1649 863 1708; x_wconf 81' lang='lat' dir='ltr'><strong>Caesaris</strong></span> <span class='ocrx_word' id='word_1_166' title='bbox 884 1651 921 1710; x_wconf 93' lang='lat' dir='ltr'><strong>de</strong></span> 
     </span>
     <span class='ocr_line' id='line_1_21' title="bbox 81 1730 922 1807; baseline 0.001 -20"><span class='ocrx_word' id='word_1_167' title='bbox 81 1731 154 1788; x_wconf 91' lang='lat' dir='ltr'><strong>bello</strong></span> <span class='ocrx_word' id='word_1_168' title='bbox 172 1731 303 1789; x_wconf 84' lang='lat' dir='ltr'><strong>voluntas</strong></span> <span class='ocrx_word' id='word_1_169' title='bbox 320 1732 414 1801; x_wconf 83' lang='lat' dir='ltr'><strong>fuerit,</strong></span> <span class='ocrx_word' id='word_1_170' title='bbox 427 1750 492 1788; x_wconf 93' lang='lat' dir='ltr'><strong>cum</strong></span> <span class='ocrx_word' id='word_1_171' title='bbox 510 1730 588 1807; x_wconf 86' lang='lat' dir='ltr'><strong>paeis</strong></span> <span class='ocrx_word' id='word_1_172' title='bbox 607 1737 736 1787; x_wconf 86' lang='lat' dir='ltr'><strong>auctores</strong></span> <span class='ocrx_word' id='word_1_173' title='bbox 752 1749 922 1788; x_wconf 85' lang='lat' dir='ltr'><strong>conservan-</strong></span> 
     </span>
     <span class='ocr_line' id='line_1_22' title="bbox 81 1809 921 1888; baseline 0 -20"><span class='ocrx_word' id='word_1_174' title='bbox 81 1812 209 1869; x_wconf 87' lang='lat' dir='ltr'><strong>dosstat</strong></span> <span class='ocrx_word' id='word_1_175' title='bbox 167 1812 250 1869; x_wconf 88' lang='lat' dir='ltr'><strong>ttim</strong></span> <span class='ocrx_word' id='word_1_176' title='bbox 273 1812 420 1882; x_wconf 85' lang='lat' dir='ltr'><strong>censuerit,</strong></span> <span class='ocrx_word' id='word_1_177' title='bbox 400 1812 539 1867; x_wconf 73' lang='lat' dir='ltr'><strong>testeris</strong></span> <span class='ocrx_word' id='word_1_178' title='bbox 563 1810 679 1867; x_wconf 77' lang='lat' dir='ltr'><strong>fuerit</strong></span> <span class='ocrx_word' id='word_1_179' title='bbox 671 1817 725 1867; x_wconf 89' lang='lat' dir='ltr'><strong>rrat</strong></span> <span class='ocrx_word' id='word_1_180' title='bbox 727 1810 776 1866; x_wconf 92' lang='lat' dir='ltr'><strong>ior</strong></span> <span class='ocrx_word' id='word_1_181' title='bbox 819 1809 921 1888; x_wconf 86' lang='lat' dir='ltr'><strong>Atque</strong></span> 
     </span>
     <span class='ocr_line' id='line_1_23' title="bbox 80 1889 921 1962; baseline 0 -14"><span class='ocrx_word' id='word_1_182' title='bbox 80 1891 111 1948; x_wconf 89' lang='lat' dir='ltr'><strong>id</strong></span> <span class='ocrx_word' id='word_1_183' title='bbox 133 1892 227 1948; x_wconf 89' lang='lat' dir='ltr'><strong>minus</strong></span> <span class='ocrx_word' id='word_1_184' title='bbox 249 1892 354 1947; x_wconf 89' lang='lat' dir='ltr'><strong>mimm</strong></span> <span class='ocrx_word' id='word_1_185' title='bbox 375 1891 496 1947; x_wconf 79' lang='lat' dir='ltr'><strong>fortasse</strong></span> <span class='ocrx_word' id='word_1_186' title='bbox 520 1897 591 1962; x_wconf 88' lang='lat' dir='ltr'><strong>tum,</strong></span> <span class='ocrx_word' id='word_1_187' title='bbox 610 1909 676 1947; x_wconf 93' lang='lat' dir='ltr'><strong>cum</strong></span> <span class='ocrx_word' id='word_1_188' title='bbox 700 1896 773 1946; x_wconf 85' lang='lat' dir='ltr'><strong>esset</strong></span> <span class='ocrx_word' id='word_1_189' title='bbox 793 1889 921 1948; x_wconf 87' lang='lat' dir='ltr'><strong>incertus</strong></span> 
     </span>
     <span class='ocr_line' id='line_1_24' title="bbox 81 1961 921 2047; baseline 0.001 -20"><span class='ocrx_word' id='word_1_190' title='bbox 81 1971 172 2028; x_wconf 87' lang='lat' dir='ltr'><strong>exitus</strong></span> <span class='ocrx_word' id='word_1_191' title='bbox 189 1977 218 2027; x_wconf 89' lang='lat' dir='ltr'><strong>et</strong></span> <span class='ocrx_word' id='word_1_192' title='bbox 234 1989 338 2046; x_wconf 87' lang='lat' dir='ltr'><strong>anceps</strong></span> <span class='ocrx_word' id='word_1_193' title='bbox 353 1971 471 2027; x_wconf 79' lang='lat' dir='ltr'><strong>fortuna</strong></span> <span class='ocrx_word' id='word_1_194' title='bbox 483 1961 565 2027; x_wconf 85' lang='lat' dir='ltr'><strong>belli:</strong></span> <span class='ocrx_word' id='word_1_195' title='bbox 588 1970 638 2046; x_wconf 90' lang='lat' dir='ltr'><strong>qui</strong></span> <span class='ocrx_word' id='word_1_196' title='bbox 651 1989 718 2026; x_wconf 92' lang='lat' dir='ltr'><strong>vero</strong></span> <span class='ocrx_word' id='word_1_197' title='bbox 733 1970 825 2026; x_wconf 88' lang='lat' dir='ltr'><strong>vietor</strong></span> <span class='ocrx_word' id='word_1_198' title='bbox 840 1971 921 2047; x_wconf 80' lang='lat' dir='ltr'><strong>pacis</strong></span> 
     </span>
     <span class='ocr_line' id='line_1_25' title="bbox 81 2049 920 2126; baseline 0 -19"><span class='ocrx_word' id='word_1_199' title='bbox 81 2057 209 2107; x_wconf 85' lang='lat' dir='ltr'><strong>auctores</strong></span> <span class='ocrx_word' id='word_1_200' title='bbox 226 2049 365 2126; x_wconf 68' lang='lat' dir='ltr'><strong>diligitis</strong></span> <span class='ocrx_word' id='word_1_201' title='bbox 378 2050 650 2126; x_wconf 83' lang='lat' dir='ltr'><strong>profeetdeelarato</strong></span> <span class='ocrx_word' id='word_1_202' title='bbox 667 2069 696 2107; x_wconf 93' lang='lat' dir='ltr'><strong>se</strong></span> <span class='ocrx_word' id='word_1_203' title='bbox 712 2049 845 2107; x_wconf 87' lang='lat' dir='ltr'><strong>maluisse</strong></span> <span class='ocrx_word' id='word_1_204' title='bbox 860 2070 920 2107; x_wconf 93' lang='lat' dir='ltr'><strong>non</strong></span> 
     </span>
     <span class='ocr_line' id='line_1_26' title="bbox 81 2129 921 2208; baseline 0.001 -21"><span class='ocrx_word' id='word_1_205' title='bbox 81 2129 215 2187; x_wconf 89' lang='lat' dir='ltr'><strong>dimicare</strong></span> <span class='ocrx_word' id='word_1_206' title='bbox 230 2149 315 2205; x_wconf 90' lang='lat' dir='ltr'><strong>quam</strong></span> <span class='ocrx_word' id='word_1_207' title='bbox 330 2130 449 2187; x_wconf 84' lang='lat' dir='ltr'><strong>vincere.</strong></span> <span class='ocrx_word' id='word_1_208' title='bbox 492 2129 544 2187; x_wconf 89' lang='lat' dir='ltr'><strong>Vl.</strong></span> <span class='ocrx_word' id='word_1_209' title='bbox 583 2135 627 2186; x_wconf 90' lang='grc'><strong>16.</strong></span> <span class='ocrx_word' id='word_1_210' title='bbox 644 2129 742 2206; x_wconf 85' lang='lat' dir='ltr'><strong>Atque</strong></span> <span class='ocrx_word' id='word_1_211' title='bbox 755 2129 842 2186; x_wconf 85' lang='lat' dir='ltr'><strong>huius</strong></span> <span class='ocrx_word' id='word_1_212' title='bbox 859 2131 921 2208; x_wconf 90' lang='lat' dir='ltr'><strong>qui·</strong></span> 
     </span>
     <span class='ocr_line' id='line_1_27' title="bbox 81 2208 921 2268; baseline 0.001 -2"><span class='ocrx_word' id='word_1_213' title='bbox 81 2209 147 2266; x_wconf 93' lang='lat' dir='ltr'><strong>dem</strong></span> <span class='ocrx_word' id='word_1_214' title='bbox 161 2212 202 2264; x_wconf 87' lang='lat' dir='ltr'><strong>rci</strong></span> <span class='ocrx_word' id='word_1_215' title='bbox 215 2208 254 2266; x_wconf 94' lang='lat' dir='ltr'><strong>M.</strong></span> <span class='ocrx_word' id='word_1_216' title='bbox 265 2208 398 2266; x_wconf 86' lang='lat' dir='ltr'><strong>Marcello</strong></span> <span class='ocrx_word' id='word_1_217' title='bbox 413 2229 475 2266; x_wconf 91' lang='lat' dir='ltr'><strong>sum</strong></span> <span class='ocrx_word' id='word_1_218' title='bbox 490 2209 578 2266; x_wconf 89' lang='lat' dir='ltr'><strong>testis.</strong></span> <span class='ocrx_word' id='word_1_219' title='bbox 616 2209 715 2266; x_wconf 84' lang='lat' dir='ltr'><strong>Nostri</strong></span> <span class='ocrx_word' id='word_1_220' title='bbox 729 2209 806 2266; x_wconf 91' lang='lat' dir='ltr'><strong>enim</strong></span> <span class='ocrx_word' id='word_1_221' title='bbox 820 2229 921 2268; x_wconf 80' lang='lat' dir='ltr'><strong>sensus</strong></span> 
     </span>
     <span class='ocr_line' id='line_1_28' title="bbox 37 2289 921 2367; baseline 0.005 -23"><span class='ocrx_word' id='word_1_222' title='bbox 37 2340 39 2344; x_wconf 77' lang='grc'>,</span> <span class='ocrx_word' id='word_1_223' title='bbox 81 2290 159 2347; x_wconf 91' lang='lat' dir='ltr'><strong>utin</strong></span> <span class='ocrx_word' id='word_1_224' title='bbox 177 2309 245 2367; x_wconf 87' lang='lat' dir='ltr'><strong>pace</strong></span> <span class='ocrx_word' id='word_1_225' title='bbox 265 2308 383 2366; x_wconf 87' lang='lat' dir='ltr'><strong>semper,</strong></span> <span class='ocrx_word' id='word_1_226' title='bbox 396 2290 435 2346; x_wconf 92' lang='lat' dir='ltr'><strong>sie</strong></span> <span class='ocrx_word' id='word_1_227' title='bbox 451 2296 514 2346; x_wconf 90' lang='lat' dir='ltr'><strong>tum</strong></span> <span class='ocrx_word' id='word_1_228' title='bbox 536 2290 623 2346; x_wconf 90' lang='lat' dir='ltr'><strong>etiarn</strong></span> <span class='ocrx_word' id='word_1_229' title='bbox 640 2290 669 2346; x_wconf 93' lang='lat' dir='ltr'><strong>in</strong></span> <span class='ocrx_word' id='word_1_230' title='bbox 686 2289 761 2347; x_wconf 93' lang='lat' dir='ltr'><strong>bello</strong></span> <span class='ocrx_word' id='word_1_231' title='bbox 783 2308 921 2366; x_wconf 78' lang='lat' dir='ltr'><strong>congrae-</strong></span> 
     </span>
     <span class='ocr_line' id='line_1_29' title="bbox 81 2369 919 2446; baseline 0.001 -20"><span class='ocrx_word' id='word_1_232' title='bbox 81 2369 157 2427; x_wconf 87' lang='lat' dir='ltr'><strong>bant.</strong></span> <span class='ocrx_word' id='word_1_233' title='bbox 190 2369 329 2438; x_wconf 82' lang='lat' dir='ltr'><strong>Quotiens</strong></span> <span class='ocrx_word' id='word_1_234' title='bbox 343 2389 397 2446; x_wconf 82' lang='lat' dir='ltr'><strong>ego</strong></span> <span class='ocrx_word' id='word_1_235' title='bbox 412 2389 477 2426; x_wconf 92' lang='lat' dir='ltr'><strong>eum</strong></span> <span class='ocrx_word' id='word_1_236' title='bbox 491 2376 520 2426; x_wconf 92' lang='lat' dir='ltr'><strong>et</strong></span> <span class='ocrx_word' id='word_1_237' title='bbox 535 2376 642 2445; x_wconf 86' lang='lat' dir='ltr'><strong>quanto</strong></span> <span class='ocrx_word' id='word_1_238' title='bbox 656 2389 721 2427; x_wconf 91' lang='lat' dir='ltr'><strong>curn</strong></span> <span class='ocrx_word' id='word_1_239' title='bbox 737 2369 835 2427; x_wconf 87' lang='lat' dir='ltr'><strong>dolore</strong></span> <span class='ocrx_word' id='word_1_240' title='bbox 849 2370 919 2442; x_wconf 89' lang='lat' dir='ltr'><strong>vidi,</strong></span> 
     </span>
     <span class='ocr_line' id='line_1_30' title="bbox 81 2449 920 2528; baseline -0.001 -21"><span class='ocrx_word' id='word_1_241' title='bbox 81 2469 146 2507; x_wconf 90' lang='lat' dir='ltr'><strong>cum</strong></span> <span class='ocrx_word' id='word_1_242' title='bbox 163 2449 343 2507; x_wconf 90' lang='lat' dir='ltr'><strong>insolentiam</strong></span> <span class='ocrx_word' id='word_1_243' title='bbox 365 2456 507 2506; x_wconf 88' lang='lat' dir='ltr'><strong>certorum</strong></span> <span class='ocrx_word' id='word_1_244' title='bbox 524 2449 676 2507; x_wconf 88' lang='lat' dir='ltr'><strong>hominum</strong></span> <span class='ocrx_word' id='word_1_245' title='bbox 693 2449 860 2507; x_wconf 77' lang='lat' dir='ltr'><strong>tumetium</strong></span> <span class='ocrx_word' id='word_1_246' title='bbox 879 2451 920 2528; x_wconf 84' lang='lat' dir='ltr'><strong>ip</strong></span> 
     </span>
     <span class='ocr_line' id='line_1_31' title="bbox 81 2529 921 2606; baseline 0.001 -20"><span class='ocrx_word' id='word_1_247' title='bbox 81 2530 140 2586; x_wconf 89' lang='lat' dir='ltr'><strong>sius</strong></span> <span class='ocrx_word' id='word_1_248' title='bbox 154 2530 286 2587; x_wconf 81' lang='lat' dir='ltr'><strong>victoriae</strong></span> <span class='ocrx_word' id='word_1_249' title='bbox 301 2530 480 2586; x_wconf 86' lang='lat' dir='ltr'><strong>ferocitatem</strong></span> <span class='ocrx_word' id='word_1_250' title='bbox 501 2530 743 2587; x_wconf 70' lang='lat' dir='ltr'><strong>rxtimescentem!</strong></span> <span class='ocrx_word' id='word_1_251' title='bbox 779 2529 844 2597; x_wconf 75' lang='lat' dir='ltr'><strong>Quo</strong></span> <span class='ocrx_word' id='word_1_252' title='bbox 858 2548 921 2606; x_wconf 84' lang='lat' dir='ltr'><strong>gra·</strong></span> 
     </span>
     <span class='ocr_line' id='line_1_32' title="bbox 81 2609 985 2686; baseline 0.006 -20"><span class='ocrx_word' id='word_1_253' title='bbox 81 2610 138 2666; x_wconf 87' lang='lat' dir='ltr'><strong>tior</strong></span> <span class='ocrx_word' id='word_1_254' title='bbox 151 2616 201 2666; x_wconf 88' lang='lat' dir='ltr'><strong>tua</strong></span> <span class='ocrx_word' id='word_1_255' title='bbox 217 2609 377 2678; x_wconf 83' lang='lat' dir='ltr'><strong>liberalitas,</strong></span> <span class='ocrx_word' id='word_1_256' title='bbox 388 2609 420 2666; x_wconf 79' lang='grc' dir='ltr'><strong>Ο.</strong></span> <span class='ocrx_word' id='word_1_257' title='bbox 429 2609 539 2681; x_wconf 82' lang='lat' dir='ltr'><strong>Caesar,</strong></span> <span class='ocrx_word' id='word_1_258' title='bbox 553 2609 643 2680; x_wconf 90' lang='lat' dir='ltr'><strong>nobis,</strong></span> <span class='ocrx_word' id='word_1_259' title='bbox 657 2611 706 2686; x_wconf 88' lang='lat' dir='ltr'><strong>qui</strong></span> <span class='ocrx_word' id='word_1_260' title='bbox 723 2609 771 2666; x_wconf 91' lang='lat' dir='ltr'><strong>illa</strong></span> <span class='ocrx_word' id='word_1_261' title='bbox 785 2609 919 2680; x_wconf 88' lang='lat' dir='ltr'><strong>vidimus,</strong></span> <span class='ocrx_word' id='word_1_262' title='bbox 981 2664 985 2671; x_wconf 94' lang='lat'>.</span> 
     </span>
     <span class='ocr_line' id='line_1_33' title="bbox 82 2688 943 2760; baseline 0 -14"><span class='ocrx_word' id='word_1_263' title='bbox 82 2688 167 2746; x_wconf 89' lang='lat' dir='ltr'><strong>debet</strong></span> <span class='ocrx_word' id='word_1_264' title='bbox 181 2709 248 2746; x_wconf 88' lang='lat' dir='ltr'><strong>esse.</strong></span> <span class='ocrx_word' id='word_1_265' title='bbox 291 2689 357 2745; x_wconf 92' lang='lat' dir='ltr'><strong>Non</strong></span> <span class='ocrx_word' id='word_1_266' title='bbox 373 2690 448 2746; x_wconf 89' lang='lat' dir='ltr'><strong>enirn</strong></span> <span class='ocrx_word' id='word_1_267' title='bbox 463 2690 520 2747; x_wconf 88' lang='lat' dir='ltr'><strong>iam</strong></span> <span class='ocrx_word' id='word_1_268' title='bbox 535 2709 634 2746; x_wconf 87' lang='lat' dir='ltr'><strong>causae</strong></span> <span class='ocrx_word' id='word_1_269' title='bbox 649 2696 715 2746; x_wconf 90' lang='lat' dir='ltr'><strong>sunt</strong></span> <span class='ocrx_word' id='word_1_270' title='bbox 729 2690 805 2746; x_wconf 87' lang='lat' dir='ltr'><strong>inter</strong></span> <span class='ocrx_word' id='word_1_271' title='bbox 818 2707 856 2760; x_wconf 88' lang='lat' dir='ltr'><strong>se,</strong></span> <span class='ocrx_word' id='word_1_272' title='bbox 869 2689 921 2754; x_wconf 84' lang='lat' dir='ltr'><strong>sed</strong></span> <span class='ocrx_word' id='word_1_273' title='bbox 937 2749 943 2759; x_wconf 59' lang='lat'><strong>,</strong></span> 
     </span>
     <span class='ocr_line' id='line_1_34' title="bbox 83 2768 920 2846; baseline -0.001 -20"><span class='ocrx_word' id='word_1_274' title='bbox 83 2769 215 2826; x_wconf 85' lang='lat' dir='ltr'><strong>victoriae</strong></span> <span class='ocrx_word' id='word_1_275' title='bbox 227 2769 440 2846; x_wconf 85' lang='lat' dir='ltr'><strong>comparandae.</strong></span> <span class='ocrx_word' id='word_1_276' title='bbox 478 2770 522 2826; x_wconf 82' lang='lat'><strong>17.</strong></span> <span class='ocrx_word' id='word_1_277' title='bbox 533 2769 668 2827; x_wconf 86' lang='lat' dir='ltr'><strong>Vidimus</strong></span> <span class='ocrx_word' id='word_1_278' title='bbox 679 2775 758 2826; x_wconf 88' lang='lat' dir='ltr'><strong>tuam</strong></span> <span class='ocrx_word' id='word_1_279' title='bbox 769 2768 920 2826; x_wconf 86' lang='lat' dir='ltr'><strong>victoriam</strong></span> 
     </span>
    </p>

    <p class='ocr_par' dir='ltr' id='par_1_4' title="bbox 82 2848 939 2999">
     <span class='ocr_line' id='line_1_35' title="bbox 82 2848 939 2925; baseline -0.001 -20"><span class='ocrx_word' id='word_1_280' title='bbox 82 2849 254 2925; x_wconf 88' lang='lat' dir='ltr'><strong>proeliorum</strong></span> <span class='ocrx_word' id='word_1_281' title='bbox 279 2849 357 2906; x_wconf 85' lang='lat' dir='ltr'><strong>exitu</strong></span> <span class='ocrx_word' id='word_1_282' title='bbox 380 2849 577 2906; x_wconf 87' lang='lat' dir='ltr'><strong>terminatam:</strong></span> <span class='ocrx_word' id='word_1_283' title='bbox 600 2849 728 2925; x_wconf 83' lang='lat' dir='ltr'><strong>gladium</strong></span> <span class='ocrx_word' id='word_1_284' title='bbox 750 2848 853 2925; x_wconf 84' lang='lat' dir='ltr'><strong>vagina</strong></span> <span class='ocrx_word' id='word_1_285' title='bbox 874 2868 939 2905; x_wconf 88' lang='lat' dir='ltr'><strong>va·-</strong></span> 
     </span>
     <span class='ocr_line' id='line_1_36' title="bbox 83 2927 919 2999; baseline 0 -14"><span class='ocrx_word' id='word_1_286' title='bbox 83 2948 167 2985; x_wconf 91' lang='lat' dir='ltr'><strong>euum</strong></span> <span class='ocrx_word' id='word_1_287' title='bbox 185 2930 214 2985; x_wconf 88' lang='lat' dir='ltr'><strong>in</strong></span> <span class='ocrx_word' id='word_1_288' title='bbox 231 2928 300 2985; x_wconf 90' lang='lat' dir='ltr'><strong>urbe</strong></span> <span class='ocrx_word' id='word_1_289' title='bbox 317 2948 375 2985; x_wconf 93' lang='lat' dir='ltr'><strong>non</strong></span> <span class='ocrx_word' id='word_1_290' title='bbox 392 2929 523 2985; x_wconf 85' lang='lat' dir='ltr'><strong>vidimus.</strong></span> <span class='ocrx_word' id='word_1_291' title='bbox 566 2927 645 2996; x_wconf 83' lang='lat' dir='ltr'><strong>Quos</strong></span> <span class='ocrx_word' id='word_1_292' title='bbox 666 2929 813 2986; x_wconf 86' lang='lat' dir='ltr'><strong>amisimus</strong></span> <span class='ocrx_word' id='word_1_293' title='bbox 834 2927 919 2999; x_wconf 86' lang='lat' dir='ltr'><strong>eives,</strong></span> 
     </span>
    </p>

    <p class='ocr_par' dir='ltr' id='par_1_5' title="bbox 82 3007 921 3085">
     <span class='ocr_line' id='line_1_37' title="bbox 82 3007 921 3085; baseline 0 -20"><span class='ocrx_word' id='word_1_294' title='bbox 82 3028 131 3065; x_wconf 90' lang='lat' dir='ltr'><strong>eos</strong></span> <span class='ocrx_word' id='word_1_295' title='bbox 146 3009 245 3066; x_wconf 87' lang='lat' dir='ltr'><strong>Martis</strong></span> <span class='ocrx_word' id='word_1_296' title='bbox 259 3010 301 3065; x_wconf 88' lang='lat' dir='ltr'><strong>vis</strong></span> <span class='ocrx_word' id='word_1_297' title='bbox 315 3008 444 3085; x_wconf 90' lang='lat' dir='ltr'><strong>perculit,</strong></span> <span class='ocrx_word' id='word_1_298' title='bbox 456 3027 515 3063; x_wconf 92' lang='lat' dir='ltr'><strong>non</strong></span> <span class='ocrx_word' id='word_1_299' title='bbox 531 3008 573 3063; x_wconf 91' lang='lat' dir='ltr'><strong>ira</strong></span> <span class='ocrx_word' id='word_1_300' title='bbox 587 3008 728 3078; x_wconf 89' lang='lat' dir='ltr'><strong>victoriae,</strong></span> <span class='ocrx_word' id='word_1_301' title='bbox 741 3015 774 3065; x_wconf 92' lang='lat' dir='ltr'><strong>ut</strong></span> <span class='ocrx_word' id='word_1_302' title='bbox 788 3007 921 3065; x_wconf 85' lang='lat' dir='ltr'><strong>dubitare</strong></span> 
     </span>
    </p>

    <p class='ocr_par' dir='ltr' id='par_1_6' title="bbox 82 3086 921 3164">
     <span class='ocr_line' id='line_1_38' title="bbox 82 3086 921 3164; baseline 0.001 -20"><span class='ocrx_word' id='word_1_303' title='bbox 82 3088 184 3145; x_wconf 90' lang='lat' dir='ltr'><strong>debeat</strong></span> <span class='ocrx_word' id='word_1_304' title='bbox 200 3107 285 3146; x_wconf 91' lang='lat' dir='ltr'><strong>nemo</strong></span> <span class='ocrx_word' id='word_1_305' title='bbox 308 3091 376 3164; x_wconf 88' lang='lat' dir='ltr'><strong>quin</strong></span> <span class='ocrx_word' id='word_1_306' title='bbox 397 3087 511 3158; x_wconf 92' lang='lat' dir='ltr'><strong>multos,</strong></span> <span class='ocrx_word' id='word_1_307' title='bbox 528 3086 551 3143; x_wconf 92' lang='lat' dir='ltr'><strong>si</strong></span> <span class='ocrx_word' id='word_1_308' title='bbox 572 3086 631 3144; x_wconf 86' lang='lat' dir='ltr'><strong>fieri</strong></span> <span class='ocrx_word' id='word_1_309' title='bbox 653 3095 757 3164; x_wconf 89' lang='lat' dir='ltr'><strong>posset,</strong></span> <span class='ocrx_word' id='word_1_310' title='bbox 773 3086 805 3144; x_wconf 80' lang='lat' dir='ltr'><strong>C.</strong></span> <span class='ocrx_word' id='word_1_311' title='bbox 816 3086 921 3152; x_wconf 82' lang='lat' dir='ltr'><strong>Caesar</strong></span> 
     </span>
    </p>

    <p class='ocr_par' dir='ltr' id='par_1_7' title="bbox 74 3166 924 3238">
     <span class='ocr_line' id='line_1_39' title="bbox 74 3166 924 3238; baseline 0.001 -16"><span class='ocrx_word' id='word_1_312' title='bbox 74 3167 113 3223; x_wconf 80' lang='lat' dir='ltr'><strong>ab</strong></span> <span class='ocrx_word' id='word_1_313' title='bbox 126 3169 228 3226; x_wconf 77' lang='lat' dir='ltr'><strong>inferis</strong></span> <span class='ocrx_word' id='word_1_314' title='bbox 242 3168 387 3234; x_wconf 80' lang='lat' dir='ltr'><strong>excitaret,</strong></span> <span class='ocrx_word' id='word_1_315' title='bbox 399 3167 538 3238; x_wconf 87' lang='lat' dir='ltr'><strong>quoniam</strong></span> <span class='ocrx_word' id='word_1_316' title='bbox 548 3186 584 3224; x_wconf 85' lang='lat' dir='ltr'><strong>ex</strong></span> <span class='ocrx_word' id='word_1_317' title='bbox 595 3166 697 3223; x_wconf 86' lang='lat' dir='ltr'><strong>eadem</strong></span> <span class='ocrx_word' id='word_1_318' title='bbox 706 3168 768 3222; x_wconf 72' lang='lat' dir='ltr'><strong>acie</strong></span> <span class='ocrx_word' id='word_1_319' title='bbox 777 3176 924 3223; x_wconf 65' lang='lat' dir='ltr'><strong>conseruat</strong></span> 
     </span>
    </p>
   </div>
   <div class='ocr_carea' id='block_1_4' title="bbox 0 0 1000 3480">
    <p class='ocr_par' dir='ltr' id='par_1_8' title="bbox 0 0 1000 3480">
     <span class='ocr_line' id='line_1_40' title="bbox 0 0 1000 3480; baseline 0 0"><span class='ocrx_word' id='word_1_320' title='bbox 0 0 1000 3480; x_wconf 95' lang='lat' dir='ltr'><strong> </strong></span> 
     </span>
    </p>
   </div>
  </div>
 </body>
</html>
