1988 3480
71 112 121 162 ΒΜ
148 111 186 161 IN
205 110 241 161 Ill.
256 108 448 160 unwanum
465 108 601 159 (IRA'I'IO
618 108 843 159 PHILIPPICA
861 110 899 160 11.

113 218 158 269 59.
175 211 362 289 Reliquorum
383 210 525 268 factorum
547 209 618 277 eius,
632 217 736 285 patres
756 211 924 289 conscripti,

72 291 196 350 dillieilis
216 300 260 349 est
280 312 347 348 stille
368 289 550 368 reprehensio
570 296 600 345 et
620 287 742 347 lubrica
787 291 925 349 Versatur

73 371 194 430 inbelle
210 378 270 429 est:
292 372 429 429 saturavit
447 389 478 427 se
497 368 636 444 sangiune
656 368 924 428 dissimillimorum

72 452 116 509 sui
132 452 257 509 civium:
279 451 348 508 lelix
365 451 432 519 fuit,
447 450 470 506 si
487 456 584 526 petest
604 447 663 505 nlla
685 448 717 505 in
737 450 851 508 scelere
868 470 925 508 esse

72 532 202 590 felicitas,
245 532 302 589 Sed
319 531 454 609 queniam
469 528 610 586 veteranis
625 535 747 585 cautum
766 549 836 588 esse
851 531 927 588 velu-

71 631 145 680 mus,
157 631 330 690 quamquam
348 608 496 668 dissimilis
513 616 557 665 est
572 607 701 664 militum
721 628 816 666 eausa
832 617 862 669 et
878 618 927 668 tua

72 693 154 750 -illi
176 693 265 750 secuti
287 699 372 748 simt:
397 698 430 747 tu
452 688 587 767 quaesisti
609 687 874 762 ducem—tamen,
892 710 927 748 ne

72 773 150 848 apud
160 772 226 829 illos
239 792 285 829 me
299 772 329 828 in
344 770 481 827 invidiam
492 786 585 839 voces,
595 766 669 824 nihil
681 767 722 825 de
735 789 850 846 genere
860 770 926 829 belli

72 851 180 908 dicam·
208 851 341 908 Victore
354 848 501 907 Thessalia
512 847 702 905 Brundisium
717 867 790 907 enm
805 851 923 928 legioni·

72 930 126 987 bus
140 931 289 987 revertisti.
320 930 365 986 lbi
380 949 426 987 me
439 948 498 986 non
512 927 660 986 occidisti:
681 947 832 1006 magnum
844 931 927 990 bene·

72 1000 198 1066 liciuml'
227 1009 361 1066 Potuisse
381 1009 458 1065 enim
473 1006 583 1066 rfateor.
625 1007 826 1087 Quamquam·
839 1030 926 1069 nemo

72 1095 133 1146 erat
152 1108 261 1158 eorum,
276 1089 325 1165 qui
345 1096 408 1146 tum
430 1096 532 1147 tecam·
547 1086 740 1165 fuermit32qui
763 1091 856 1148 mihi·
868 1111 925 1148 non

72 1176 201 1227 censeret
214 1169 292 1246 parci
309 1176 449 1246 opertere.
491 1174 538 1225 60.
554 1167 649 1224 Tanta
662 1175 709 1225 est
720 1169 805 1226 enim
814 1170 926 1229 'caritas

73 1250 192 1327 patriae,
206 1259 239 1307 ut
260 1250 362 1306 vestris
384 1250 471 1306 etiam
493 1246 798 1325 legionibus-sanctus
811 1270 925 1321 essem,

74 1330 152 1407 qued
162 1349 226 1387 eam
240 1349 258 1387 a
270 1349 318 1387 me
331 1336 469 1387 servatam
484 1347 545 1402 esse
555 1327 773 1398 mertinissent:
793 1327 865 1388 ..Sed
879 1331 926 1388 fac

74 1409 103 1466 id
121 1418 150 1467 te
171 1410 284 1467 dedisse
300 1409 382 1479 mini,
394 1409 472 1485 qnod
491 1427 549 1464 nou
570 1407 876 1486 ademisti,.meque'a
895 1418 925 1468 te

74 1488 177 1546 habere
191 1491 288 1559 vitam,
297 1490 365 1566 quia
377 1508 435 1545 non
450 1507 467 1544 a
480 1487 561 1549 tesit
574 1487 689 1563 erepta:
709 1487 925 1557 licuitnemihi

73 1575 204 1645 pertuas
219 1569 407 1626 contumelias
422 1568 478 1625 hec
491 1568 581 1625 tunna*
591 1565 822 1644 benefioinnrsie
836 1571 924 1641 tueri,

74 1655 107 1705 ut
117 1648 226 1719 tuebar,
236 1644 402 1726 praesertim
416 1666 482 1722 eum
492 1644 602 1704 cethaee
612 1646 926 1709 auditurum‘videresi

74 1727 172 1786 XXV.
205 1725 378 1797 lilsVenl'sti
392 1725 740 1801 Brundisium,.in-sinu11i
755 1728 880 1804 quidem
894 1737 925 1789 et

75 1808 104 1863 in
116 1805 301 1884 complexum
308 1805 542 1880 tuaessmimulae.'
561 1806 644 1876 Quid
652 1806 714 1864 esti
747 1806 830 1865 Nmn
842 1829 925 1868 men-

75 1888 150 1945 tiorl
184 1887 278 1956 Quam
292 1888 491 1945 miserum'est'
497 1887 530 1944 id
543 1885 646 1964 negare
659 1906 718 1943 non
732 1906 830 1964 posse,
840 1890 923 1966 quod

75 1967 112 2022 sit
129 1967 327 2043 turpissimum
344 1966 490 2024 confiteri!
524 1966 555 2024 si
571 1974 602 2024 te
614 1967 840 2044 municipiorum
860 1989 922 2027 non

75 2045 210 2122 pudebat,
221 2064 258 2101 ne
274 2046 399 2102 veterani
416 2046 533 2123 quidem
550 2047 708 2105 exercitus?
748 2046 823 2115 Quis
839 2050 922 2107 enim

75 2124 159 2180 miles
173 2124 231 2180 fuit
245 2124 294 2200 qui
309 2125 456 2182 Brundisii
473 2125 551 2183 illam
568 2145 626 2183 nen
640 2126 763 2184 videritl
783 2129 851 2204 quis
868 2130 922 2206 qui

75 2203 207 2261 nescierit
225 2205 335 2262 venisse
355 2224 418 2262 eam
436 2205 490 2262 tibi
508 2212 554 2263 tet
573 2206 684 2263 dierum
700 2207 776 2263 viam
793 2209 923 2284 gratula-

74 2285 157 2342 tuml
178 2284 242 2362 quis
258 2285 307 2365 qui¹
321 2304 380 2342 non
394 2285 549 2344 indoluerit
562 2293 621 2343 tam
639 2306 701 2344 sero
718 2305 749 2343 se
765 2306 853 2364 quarn
870 2307 923 2347 ne-

75 2384 162 2442 quam
172 2365 320 2423 hominem
332 2371 446 2423 secutus
456 2368 727 2443 essctcegnoscerel
760 2366 922 2426 62.Italiae

74 2463 173 2503 rursus
190 2446 364 2522 percursatio
386 2446 485 2504 eadem
505 2449 612 2504 comite
632 2447 737 2504 mima:
759 2447 789 2502 in
807 2447 921 2524 oppida

74 2524 200 2582 militum
220 2525 343 2582 crudelis
362 2533 391 2583 et
411 2527 516 2584 misera
534 2526 687 2583 deductio:
708 2526 738 2582 in
755 2526 825 2582 urbe
844 2527 919 2597 auri,

74 2606 197 2681 argenti,
215 2606 395 2683 maximeque
418 2607 478 2663 vini
499 2606 587 2663 foeda
610 2606 742 2682 direptio.
784 2605 921 2663 Accessit

74 2691 108 2741 ut
125 2684 246 2742 Caesare
261 2685 370 2762 ignaro,
380 2705 445 2742 eum
463 2693 536 2743 esset
552 2685 599 2742 ille
616 2685 819 2755 Alexandreae,
830 2684 920 2742 bene-

75 2763 140 2820 ficio
152 2764 308 2821 amicorum
324 2766 385 2823 eius
398 2766 535 2843 magister
544 2765 674 2842 equitum
685 2766 917 2823 constitueretur.
950 2797 951 2800 ¹

75 2842 150 2900 Turn
170 2845 344 2902 existimavit
363 2866 393 2902 se
413 2865 464 2902 suo
482 2847 541 2903 iure
562 2864 628 2902 cum
645 2845 757 2922 Hippia
772 2845 865 2902 vivere
887 2851 919 2903 et

74 2925 328 3003 equosivectigales
338 2923 440 3002 Sergio
449 2925 539 2981 mium
550 2924 674 2982 tradere„
701 2925 775 2983 Tum
789 2924 916 2981 sibinen

74 3003 254 3082 hane,·quam
268 3025 344 3062 nrrne
359 3005 432 3061 male
441 2999 550 3072 tuetur,
561 3003 611 3062 sed
621 3003 916 3069 Mfflsonis‘demum

75 3084 124 3142 ubi
139 3078 282 3143 habitaret
296 3085 409 3161 legerat.
452 3083 530 3152 Quid
544 3103 598 3160 ego
612 3084 694 3141 istius
703 3083 832 3152 decreta,
844 3083 917 3160 quid

76 3165 198 3240 rapinas,
214 3165 284 3242 quid
309 3164 499 3221 hereditatum
523 3163 716 3240 possessiones
738 3163 831 3229 datas,
843 3162 916 3233 quid
