1988 3480
276 110 355 160 cAP.
371 107 633 169 xxva-xxm,
649 106 663 168 ἓ
678 109 769 158 Ίῡ-Ίθζ
802 151 805 154 ,
824 98 828 103 ’
896 112 944 159 165

105 210 197 288 pulit:
227 229 301 281 euru,
321 210 368 267 cui
391 209 463 266 1111111
487 228 625 287 umquam
649 209 732 267 nefas
754 209 813 267 fuit
836 229 889 268 nec
912 211 944 267 in

105 292 232 348 facinore
242 310 294 348 nec
305 291 335 347 in
349 289 475 361 libidine,
485 309 559 360 eum,
571 290 619 367 qui
631 290 731 347 aedem
742 289 944 367 Nympharum

105 371 241 440 incendit,
253 377 286 427 ut
302 370 470 427 memoriam
486 369 631 446 publicam
650 370 823 427 recensionis
839 370 945 428 tabulis

105 449 228 527 publicis
245 450 411 526 impressam
428 450 637 526 exstingueret:
661 449 677 506 7
681 455 707 507 4.
724 469 790 507 eum
811 450 944 528 denique,

106 531 152 586 cui
166 530 224 585 iam
239 530 316 585 nulla
329 530 374 586 lex
388 537 455 601 erat,
468 529 578 586 nullum
593 529 675 587 civile
689 530 742 600 ius,
752 529 823 586 nulli
837 550 946 606 posses-

106 611 220 666 sionum
231 609 354 679 termini,
365 609 484 686 quinon
495 610 637 667 calumnia
646 610 750 681 litium,
761 629 819 666 non
830 611 946 668 iniustis

106 689 240 746 vindiciis
255 708 287 746 ac
308 690 492 746 sacramentis
511 689 620 746 alienos
639 690 756 761 fundos
769 690 820 746 sed
836 691 944 762 castris,

106 770 239 839 exercitu,
255 770 344 846 signis
364 768 521 827 inferendis
541 769 674 846 petebat:
700 770 749 847 qui
770 789 829 826 non
852 769 945 826 solum

106 849 351 907 Etruscos-eos
378 849 456 906 enirn
483 851 599 926 penitus
623 849 946 927 contempserat-sed

107 928 182 985 hunc
197 929 231 986 P.
240 929 369 1001 Varium,
382 929 570 987 fortissimum
585 937 671 1007 atque
685 931 830 1007 optimum
844 929 944 999 civem,

106 1009 230 1066 iudicem
252 1016 390 1081 nostrum,
405 1009 509 1086 pellere
534 1010 760 1086 possessionibus
782 1010 867 1066 armis
888 1028 946 1066 cas

106 1089 214 1165 trisque
230 1096 349 1147 conatus
366 1097 416 1160 est,
430 1090 479 1166 qui
494 1109 559 1147 cum
577 1090 738 1148 architectis
755 1098 784 1148 et
798 1091 946 1166 decompe-

106 1168 151 1224 dis
167 1169 247 1226 villas
267 1169 425 1226 multorum
441 1169 598 1246 hortosque
615 1170 792 1246 peragrabat,
805 1170 855 1247 qui
872 1169 945 1226 11111-

106 1248 170 1305 culo
187 1256 216 1306 et
232 1248 356 1326 Alpibus
377 1269 457 1326 spcm
474 1250 685 1326 posscssionum
702 1251 868 1306 terminarat
885 1269 946 1306 sua-

106 1347 179 1398 rum,
192 1329 241 1405 qui
258 1348 324 1385 cum
341 1328 377 1385 ab
394 1330 490 1405 equite
507 1328 638 1386 Romano
656 1329 806 1404 splendido
822 1336 851 1386 et
865 1329 944 1399 forti,

107 1406 145 1464 M.
156 1407 292 1477 Paconio,
305 1427 363 1464 non
379 1408 567 1484 impetrasset,
579 1414 612 1464 ut
627 1407 681 1464 sibi
697 1409 818 1465 insulam
835 1409 865 1464 in
882 1408 945 1465 lacu

107 1485 197 1542 Prilio
209 1487 350 1558 venderet,
361 1493 477 1563 repente
487 1486 622 1544 lintribus
634 1487 664 1543 in
679 1507 741 1545 carn
752 1487 874 1544 insulam
888 1507 946 1544 1111-

107 1566 216 1636 teriem,
229 1566 343 1636 calcem,
356 1572 509 1637 caemcnto,
522 1586 600 1622 arma
621 1568 753 1624 convexit
770 1567 945 1644 dominoque

107 1651 186 1701 trans
199 1645 292 1721 ripam
303 1645 481 1722 inspectante
491 1665 550 1702 non
561 1646 704 1703 dubitavit
715 1654 856 1704 exstruere
871 1647 946 1704 aedi·

107 1724 204 1781 ficium
218 1725 248 1780 111
263 1725 370 1782 alieno:
394 1724 439 1781 75.
457 1726 505 1801 qui
522 1725 588 1782 huic
605 1725 637 1782 T.
650 1726 793 1797 Furfani0,
806 1727 852 1783 cui
866 1727 946 1784 viro?

108 1804 139 1860 di
153 1804 328 1862 immortales
338 1805 456 1881 l-quid
471 1805 548 1861 enirn
563 1825 616 1882 ego
631 1806 666 1862 de
681 1806 847 1863 muliercula
861 1806 946 1864 Scan-

108 1884 156 1955 tia,
173 1884 241 1961 quid
260 1885 296 1942 de
316 1884 494 1942 adolescente
513 1884 546 1942 P.
559 1884 668 1962 Apinio
690 1885 802 1943 dicam?
823 1905 944 1963 quornm

107 1965 220 2041 utrique
245 1971 368 2022 mortem
393 1971 436 2021 est
460 1965 617 2036 minitatus,
635 1965 691 2022 nisi
715 1965 770 2022 sibi
794 1966 945 2023 hortorum

107 2045 284 2120 possessione
301 2044 541 2102 cessissent-sed
556 2064 657 2102 ausum
674 2065 734 2103 esse
751 2045 888 2103 Furfanio
905 2045 946 2102 di-

108 2143 178 2196 cere,
191 2125 214 2181 si
235 2125 290 2181 sibi
306 2125 465 2200 pecuniam,
478 2131 614 2200 quantam
634 2133 811 2202 poposcerat,
823 2145 882 2183 non
899 2125 947 2182 de

108 2203 204 2274 disset,
219 2211 366 2260 mortuum
387 2223 417 2260 se
438 2204 468 2260 in
493 2203 612 2260 domum
636 2205 696 2261 eius
721 2204 874 2276 illaturum,
891 2224 947 2282 qua

108 2282 216 2340 invidia
232 2282 299 2339 huic
316 2290 390 2339 essct
406 2283 456 2338 tali
470 2283 531 2339 viro
549 2283 801 2360 conflagrandum:
824 2285 872 2361 qui
886 2284 947 2361 Ap-

109 2362 190 2438 pium
206 2362 332 2432 fratrem,
347 2361 495 2418 hominem
515 2363 587 2419 mihi
604 2364 786 2421 coniunctum
809 2363 947 2421 fidissima

109 2442 208 2516 gratia,
226 2441 373 2498 absentem
397 2442 433 2498 de
453 2443 631 2518 possessione
653 2443 738 2499 fundi
755 2443 874 2500 deiecit:
896 2443 945 2519 qui

109 2521 247 2596 parietem
264 2521 304 2577 sic
321 2540 371 2597 per
385 2521 556 2577 vestibulum
574 2521 678 2578 sororis
694 2522 821 2579 instituit
834 2521 945 2593 ducere,

110 2601 150 2656 sic
171 2619 253 2676 agere
273 2599 469 2671 fundamenta,
481 2608 513 2657 111
531 2620 655 2658 sororem
680 2621 738 2658 non
760 2601 848 2658 modo
865 2602 946 2658 vesti-

110 2678 178 2735 bulo
192 2680 322 2755 privaret,
335 2679 384 2736 sed
399 2681 478 2737 omni
492 2680 571 2736 aditu
587 2688 615 2737 et
629 2681 734 2738 limine.

150 2758 294 2817 XXVII
331 2759 347 2815 7
351 2765 376 2817 6
393 2759 574 2837 Quamquam
588 2760 657 2817 haec
675 2761 813 2837 quidem
805 2780 862 2817 11111
877 2761 947 2819 tole

110 2838 210 2895 rabilia
220 2803 437 2910 videbantur,et
438 2859 462 2895 sr
453 2840 629 2930 aequabilit
630 2841 704 2897 erin
718 2860 778 2898 rem
792 2840 945 2917 publicam,

110 2918 140 2974 in
155 2919 247 2994 privat
249 2937 288 2989 01,
301 2919 331 2974 in
345 2918 545 2996 longinquos'
537 2939 568 2975 1n
585 2921 770 3012 propinquos,
783 2921 812 2977 in
830 2920 945 2990 alienos,

110 2998 140 3054 in
155 3017 221 3054 suos
235 2997 366 3067 irruebat,
379 2998 429 3055 sed
442 2999 606 3091 nescioquo
620 3001 727 3057 modo
720 3020 776 3056 ram
791 3021 844 3056 usu
859 2999 946 3057 obdu

110 3085 205 3135 ruerat
222 3085 250 3135 ct
267 3042 490 3154 percalluerat
467 3079 523 3135 crvi
524 3080 591 3136 tatis
608 3079 787 3136 incredibilis
799 3079 959 3151 patrem„

111 3155 278 3227 Quaerere
307 3157 428 3220 aderaut
455 3158 518 3220 iam
546 3167 578 3219 ct
598 3157 836 3236 trnpeuoetast„
849 3159 989 3228 mmm
