1988 3480
68 122 116 170 154
210 121 284 172 PRO
296 121 329 170 -Τ,
344 120 459 170 ANNIO
476 120 615 168 MILONE
632 119 774 168 ORATIO.

67 220 197 277 tenebras
217 219 381 290 abdidisset,
399 238 536 295 magnum
561 218 663 275 Miloni
686 218 743 275 fuit
767 217 909 276 conticere

67 299 145 357 illam
159 307 269 375 pestem
282 299 361 356 nulla
374 319 425 356 sua
440 299 555 370 invidia,
566 298 604 356 M.
612 318 679 356 vero
693 298 816 355 Antonii
830 317 911 354 max-

68 379 126 435 ima
142 379 250 455 gloria?
291 384 337 437 41.
354 378 450 447 Quint
470 379 595 436 comitiis
609 379 638 435 in
653 398 755 455 campo
773 378 910 454 quotiens

67 465 194 536 potestas
210 459 283 516 fuiti
305 478 369 516 curn
387 459 434 516 ille
450 459 481 515 in
502 466 600 535 saepta
620 459 775 535 irrupisset,
794 458 910 534 gladios

67 539 293 613 destringendos,
306 538 415 616 lapides
435 539 580 596 iaciendos
601 539 761 606 curavisset,
774 537 842 594 dein
863 558 910 595 su-

67 618 129 675 bito
140 618 220 675 vultu
232 618 348 675 Milonis
361 619 527 696 perterritus
537 619 649 693 fugeret
663 617 700 674 ad
710 617 846 689 Tiberim,
855 637 910 675 vos

67 706 96 757 ct
115 717 215 756 ornnes
235 698 305 756 boui
326 706 393 756 vota
413 698 551 769 faceretis,
567 705 600 754 ut
616 696 718 753 Miloni
739 704 771 753 ιιι
759 697 783 753 ιι
799 697 909 756 virtute

68 799 119 836 sua
133 779 242 836 liberet.

108 858 190 916 XVI
214 857 338 926 Quem
330 858 420 934 igitur
443 877 509 915 cum
534 857 663 913 omnium
687 864 751 932 grat
752 856 780 913 ia
739 856 906 929 inoluit,

67 937 144 994 hunc
168 937 260 994 voluit
284 957 349 994 cum
374 938 535 1014 aliquorum
560 936 704 1013 querella?
729 955 814 1013 quem
836 937 907 1007 iure,
985 969 988 974 ·

68 1036 153 1094 quem
177 1017 249 1087 loce,
266 1035 353 1108 quern
375 1024 512 1093 tempore,
529 1036 613 1093 quem
638 1017 756 1092 impune
780 1035 839 1072 non
864 1024 909 1074 est

67 1115 161 1166 ausus,
172 1061 277 1153 huni
269 1097 380 1168 ruiuria,
397 1097 496 1174 iniquo
513 1097 584 1165 loco,
600 1096 693 1152 alieno
710 1102 848 1172 tempore,
860 1115 910 1172 pe

67 1176 157 1233 riculo
168 1177 270 1254 capitis
280 1196 338 1234 uon
350 1176 492 1234 dubitavit
503 1140 649 1233 οοοιιιθιιιι
671 1180 717 1232 42.
730 1177 907 1251 pracsertim,

67 1256 185 1327 iudices,
203 1276 268 1314 cum
292 1256 411 1314 honoris
435 1256 604 1333 amplissimi
625 1262 742 1312 content
730 1255 772 1312 tio
796 1262 826 1311 et
846 1256 909 1312 dics

68 1336 251 1394 comitiorum
280 1336 415 1407 subesset,
432 1356 489 1414 quo
519 1336 634 1413 quidem
663 1336 908 1411 tempore-seio

68 1417 145 1473 enirn
166 1436 250 1493 quarn
270 1417 372 1474 timida
392 1417 430 1474 sit
450 1417 569 1473 ambitio
591 1423 753 1492 quantaque
774 1422 803 1471 et
821 1434 908 1491 quam

68 1496 191 1553 sollicita
207 1497 244 1553 sit
260 1498 402 1573 cupiditas
419 1516 486 1554 con
475 1494 727 1565 alatus-omnia,
739 1514 798 1551 non
816 1495 908 1551 modo

69 1596 141 1669 quae
158 1576 326 1654 reprehendi
343 1576 446 1653 palam,
462 1577 557 1633 sedt
529 1583 557 1632 et
559 1575 615 1632 iam
636 1574 754 1631 obscure
772 1593 843 1650 quae
863 1593 909 1631 eo

68 1657 153 1732 gitari
174 1664 303 1734 possunt,
283 1656 461 1727 ttimemus,
476 1675 628 1726 rumorem,
644 1653 772 1710 fabulam
794 1654 906 1724 falsam,

68 1737 173 1808 fictam,
185 1737 275 1794 levem
287 1701 534 1814 perhorrescimus,
545 1755 594 1792 ora
605 1753 735 1791 omnium
746 1740 831 1810 aque
842 1752 908 1791 ocu-

68 1817 172 1874 lost
128 1837 158 1873 m
160 1824 280 1874 tu.emur
323 1815 403 1872 Nihil
420 1822 463 1872 est
480 1816 557 1873 enim
570 1822 629 1871 tam
646 1813 741 1883 molle,
753 1819 813 1869 tam
830 1820 908 1870 teue-

67 1917 140 1968 rum,
152 1905 212 1953 tam
225 1915 261 1952 au
263 1895 387 1986 tfragile
402 1902 451 1951 aut
439 1894 585 1951 tfiexibile
597 1913 682 1970 quam
693 1857 826 1949 voluntas
839 1911 908 1969 erga
967 1953 970 1959 ,

68 1996 121 2032 nos
146 1994 300 2051 sensusque
325 1974 438 2044 civium,
459 1975 508 2050 qui
532 1993 590 2031 non
614 1974 702 2030 modo
727 1971 907 2048 improbitati

68 2056 179 2112 irascun
181 2061 228 2111 tur
251 2053 476 2125 candidatorum,
495 2054 545 2111 sed
564 2054 650 2110 etiam
672 2053 703 2109 in
725 2059 801 2109 recte
821 2051 907 2108 factis

69 2154 152 2212 saepe
163 2134 315 2191 fastidiunt
303 2141 323 2190 ι.
360 2138 406 2189 43.
419 2133 574 2191 Hunc't
519 2133 574 2210 rgit
575 2153 608 2189 ur
619 2133 695 2190 diem
706 2132 800 2208 campi
815 2151 908 2208 spera·

68 2223 131 2271 turn
148 2222 234 2291 atque
255 2219 422 2290 exoptatum
439 2213 493 2269 sibi
510 2232 673 2291 proponens
690 2212 769 2282 Milo,
782 2212 907 2268 cruentis

68 2295 201 2351 manibus
215 2294 304 2351 seclus
318 2300 347 2351 et
357 2293 469 2350 facinus
482 2312 549 2369 prae
564 2312 593 2350 se
607 2293 701 2349 ferens
715 2298 744 2349 et
758 2291 905 2363 confitens,

69 2374 106 2430 ad
114 2375 162 2431 rlla
171 2381 291 2451 augusta
300 2380 364 2431 ceu
365 2393 490 2431 uriarum
499 2391 625 2448 auspicia
633 2371 783 2428 vomebat
812 2336 907 2439 Quaui

68 2453 123 2511 hoe
138 2474 196 2511 non
211 2453 365 2511 credibile'
358 2473 388 2510 ru
402 2453 474 2510 hoel
497 2471 583 2529 quam
597 2451 695 2508 idem
688 2471 717 2508 ιιι
733 2450 836 2508 Clodio
847 2469 907 2507 ιιοιι

71 2533 259 2591 dubitandum
271 2535 351 2655 Ῐ(ιιιιιι
368 2553 397 2590 se
414 2532 461 2590 ille
478 2532 630 2590 interfecto
652 2531 759 2587 Milone
776 2536 909 2606 regnatu-

69 2633 131 2670 rum
146 2614 277 2690 putaret!
313 2613 408 2682 Quid?
430 2613 604 2689 quodeaput
619 2618 669 2681 est,
649 2610 823 2680 taudaciae,
835 2610 916 2666 iudi--

69 2712 115 2749 ees
116 2694 200 2769 ,quis
213 2694 328 2785 ignorat
343 2693 498 2749 maximam
515 2691 676 2749 illecebram
693 2709 752 2748 esse
769 2690 908 2766 peccandi

70 2773 249 2849 impunitatis
253 2775 362 2865 'sperni
399 2772 433 2828 lu
449 2780 512 2828 utro
527 2771 698 2848 igiturthaeo
713 2770 790 2827 fuit?
810 2769 840 2826 in
855 2768 909 2826 Mi-

70 2851 142 2922 lone,
156 2853 204 2929 qui
222 2860 250 2910 et
252 2854 308 2909 iarn
325 2871 401 2909 nuuc
418 2871 482 2908 reus
499 2860 542 2909 est
555 2852 622 2909 fact
602 2858 625 2907 ιι
640 2859 689 2908 aut
705 2849 841 2927 praeclari
858 2856 909 2907 aut

70 2939 144 2988 certe
159 2952 272 2990 necessa
272 2932 315 3003 rii,
328 2951 363 2988 an
378 2932 408 2986 in
422 2930 525 2987 Clodio
528 2931 592 3007 ,qui
604 2931 645 2987 ita
657 2930 763 2987 iudicia
773 2948 910 3005 poenam

71 3031 125 3088 que
143 3018 360 3089 contempserat,
372 3016 405 3067 ιιι
422 3029 488 3067 cum
505 3011 576 3066 nihil
594 3011 746 3067 delectaret
763 3009 842 3086 quod
858 3015 909 3066 aut

67 3110 120 3167 per
134 3099 264 3148 naturam
278 3092 322 3147 fas
337 3097 410 3147 esset
424 3097 473 3146 aut
487 3110 538 3166 per
552 3089 628 3166 leges
642 3089 756 3146 liceretl

99 3175 145 3227 44,
158 3170 221 3228 Sed
230 3170 302 3248 quid
313 3189 369 3250 ego
379 3171 587 3251 argumentari
606 3169 679 3249 quib
685 3169 772 3247 plura
779 3168 915 3238 assutos
