1988 3480
272 126 350 178 car.
367 127 652 190 xxxa-xxxvii,
669 127 804 188 §ar-roe.
917 134 963 181 ιιι

125 228 307 286 inimicorum
325 235 448 299 tuorum,¹
461 247 515 305 ego
531 247 578 285 me
594 228 725 306 plurimis
741 248 794 306 pro
812 236 840 286 te
858 230 964 307 suppli-

58 360 61 364 ,
125 328 188 366 cern
197 308 295 379 abieci,
303 308 387 379 bona,
396 309 526 365 fortunas
536 327 614 365 meas
625 328 657 365 ae
667 309 822 366 liberorum
833 329 964 368 meorum

125 389 155 445 in
167 389 399 445 communionem
410 394 525 445 tuorum
525 393 709 524 tempomm
710 389 833 446 contuli:
851 389 906 447 hoc
918 391 964 448 de

126 469 211 544 nique
228 468 291 544 ipso
309 467 397 537 dies
376 486 400 523 ει
417 486 489 543 quae
506 468 548 523 vis
565 474 608 524 est
628 474 734 543 parata,
748 468 771 524 si
793 488 864 545 quae
882 471 965 527 dimi-

125 548 200 605 catio
215 547 292 623 capit
293 547 317 603 is
280 547 374 604 ttfu
362 553 432 616 tura,
443 546 574 622 deposco.
611 545 707 638 Quid
699 566 757 603 ram
772 567 816 605 res
817 551 877 606 ιιιιι
894 551 964 627 quid

125 627 217 684 habeo
238 627 316 703 quod
335 626 439 683 faciam
460 644 512 702 pro
533 626 619 682 tuis
611 646 641 683 m
662 645 709 684 me
730 629 839 685 meritis
860 631 914 687 nisi
931 638 964 688 ut

124 726 187 764 eam
205 707 359 776 fortunam,
373 725 567 782 quaecumque
586 706 640 763 erit
656 713 714 779 tua,
727 707 829 764 ducam
850 712 964 767 meaml

125 786 192 843 Non
213 805 319 855 recuso,
335 804 393 842 non
415 785 518 856 abnuo,
530 805 638 863 vosque
659 787 784 859 obsecro,
800 788 916 859 iudices,
931 797 964 846 ut

124 873 217 923 uestra
233 864 378 935 beneficia,
391 885 462 942 quae
476 865 507 922 in
523 885 571 922 me
585 868 754 937 contulistis,
767 875 817 925 aut
832 869 862 925 in
879 868 964 926 huius

125 945 214 1002 salute
235 945 363 1022 augeatis
383 945 480 1003 autin
501 946 628 1004 ciusdem
646 947 734 1005 exitio
752 967 886 1005 occasura
904 967 964 1007 esse

124 1025 251 1082 videatis.

163 1105 322 1163 XXXVII.
354 1111 418 1162 101.
432 1104 488 1162 His
501 1105 624 1164 lacrimis
638 1127 697 1165 non
710 1115 842 1166 movetur
852 1107 964 1166 Milo-

124 1192 166 1242 est
184 1185 309 1262 quodam
330 1185 491 1243 incredibili
511 1187 613 1244 robore
634 1187 814 1244 animi-sed
832 1188 962 1245 exsilium

124 1265 164 1321 ibi
179 1284 238 1322 esse
252 1272 343 1341 putat,
355 1265 406 1322 ubi
420 1265 520 1323 virtuti
534 1286 592 1322 non
610 1267 647 1323 sit
660 1266 758 1323 locus:
779 1275 902 1323 mortem
917 1287 964 1325 na·

124 1352 203 1401 turae
222 1343 309 1401 finem
329 1364 396 1415 esse,
412 1364 472 1401 non
493 1365 624 1421 poenam.
667 1345 724 1402 Sed
740 1346 787 1402 hic
805 1365 838 1402 ea
857 1354 961 1417 mente,

125 1443 180 1500 qua
194 1430 346 1480 natusest:
369 1425 440 1501 quid
453 1444 512 1495 vos,
524 1425 648 1482 iudicesl
665 1444 721 1501 quo
736 1425 852 1482 tandem
867 1426 963 1482 animo

125 1503 219 1560 eritis?
246 1502 415 1560 Memoriam
425 1504 541 1562 Milonis
549 1504 716 1575 retinebitis,
724 1504 819 1581 ipsum
829 1505 963 1563 eiicietisl

125 1591 154 1641 et
168 1584 221 1640 erit
233 1583 347 1660 dignior
358 1584 437 1640 loeus
451 1585 480 1640 in
495 1585 576 1641 terris
591 1583 664 1640 ullus
678 1584 727 1661 qui
741 1584 814 1640 hanc
829 1585 962 1642 virtutem

125 1665 248 1741 excipiat
263 1683 348 1740 quam
364 1663 418 1733 hic,
430 1664 479 1740 qui
490 1663 666 1740 procreavit?
697 1663 766 1734 Vos,
774 1682 825 1720 vos
839 1664 961 1740 appelle,

125 1744 275 1801 fortissimi
290 1744 351 1815 viri,
363 1744 411 1820 qui
426 1743 549 1800 multum
560 1762 613 1820 pro
628 1743 783 1819 republica
796 1744 962 1820 sanguinem

125 1824 284 1882 effudistis:
307 1844 358 1881 vos
375 1825 404 1881 in
418 1824 472 1881 viri
486 1830 515 1881 et
528 1823 558 1879 in
573 1823 642 1880 civis
658 1823 759 1880 invicti
773 1823 899 1901 periculo
916 1843 964 1900 ap·

125 1904 207 1981 pelle,
223 1905 411 1975 centuriones,
427 1922 542 1996 vosque,
557 1902 677 1961 milites:
699 1903 781 1960 vobis
799 1923 857 1960 non
874 1904 962 1961 modo

124 1984 358 2062 inspectantibus,
367 1949 417 2041 sed
428 1984 515 2041 etiam
526 1983 641 2041 armatis
652 1989 682 2040 et
689 1982 757 2040 huic
768 1983 874 2040 iudicio
885 2003 963 2060 prae-

124 2064 283 2122 sidentibus
300 2065 399 2122 haeet
387 2072 450 2122 tant
451 2084 468 2121 a
438 2064 571 2121 tvirtus
589 2083 623 2121 ex
639 2063 692 2120 hac
709 2063 778 2121 urbe
796 2063 960 2140 expelletur,

125 2152 187 2201 ext
159 2144 324 2202 etrminabit
312 2152 359 2201 tur
360 2144 511 2220 ,proiiciet
512 2145 563 2201 ιιιι
599 2149 664 2201 102.
680 2142 767 2201 Ome
781 2144 925 2213 miserum,
936 2143 962 2202 O

125 2243 170 2281 me
193 2225 222 2280 in
224 2224 356 2281 felicem!
391 2224 535 2281 Revoeare
556 2230 590 2280 tu
613 2242 660 2280 me
681 2224 711 2279 in
735 2223 866 2300 patriam,
882 2188 961 2293 Milo,

125 2304 244 2378 potuisti
255 2323 306 2380 per
319 2304 380 2373 hos,
393 2322 447 2380 ego
461 2310 490 2360 tc
504 2303 534 2360 in
545 2303 639 2379 patria
651 2322 702 2379 per
716 2303 831 2359 eosdem
842 2303 962 2360 retinere

125 2401 182 2438 non
200 2384 319 2458 poterol
361 2381 438 2449 Quid
454 2382 634 2459 respondebo
654 2381 750 2438 liberis
771 2382 849 2453 mele,
866 2382 915 2457 qui
934 2389 963 2438 tc

125 2469 271 2537 parentem
293 2462 413 2518 alterum
432 2463 555 2538 putanti
577 2462 647 2539 quid
663 2460 726 2531 tibi,
738 2460 845 2529 Quinte
866 2461 961 2531 frater,

125 2542 174 2617 qui
191 2560 266 2598 nunc
287 2540 361 2612 abes,
377 2542 502 2598 consorti
518 2561 632 2598 mecum
653 2548 816 2616 temporum
833 2539 963 2597 illomml

124 2629 207 2677 men'e
221 2640 279 2677 non
290 2621 417 2697 potuisse
428 2620 544 2678 Milonis
559 2621 677 2678 salutem
690 2620 764 2677 tueri·
774 2638 824 2695 per
839 2619 961 2689 eosdem,

124 2718 175 2775 per
192 2719 263 2776 quos
284 2707 411 2758 nostram
431 2700 479 2757 ille
500 2702 655 2762 servassetl
696 2699 738 2756 At
754 2699 784 2755 in
806 2718 862 2776 qua
880 2718 964 2755 eausa

124 2799 182 2835 non
200 2780 343 2856 potuisset
365 2799 436 2857 quae
453 2787 496 2837 est
512 2787 594 2855 grata
609 2780 744 2856 gentibus
762 2823 768 2836 .
787 2823 794 2836 .
813 2823 819 2835 .
838 2798 897 2835 non
913 2797 964 2854 po-

124 2858 230 2916 tuisset
252 2860 294 2930 iis,
308 2860 357 2936 qui
373 2860 496 2916 maxime
513 2860 546 2916 P.
557 2858 653 2916 Clodii
670 2866 762 2916 morte
779 2859 962 2936 acquierunt:

124 2957 182 3014 quo
204 2939 356 3015 deprecant
344 2940 391 2996 tel
411 2958 465 2996 me.
511 2944 575 2995 103
595 2937 747 3005 Quodnam
769 2958 822 3015 ego
844 2937 962 3013 concepi

123 3026 187 3075 tant
189 3038 237 3075 um
252 3018 404 3075 scelust
355 3038 390 3074 au
392 3018 510 3095 t'quod
504 3038 534 3075 m
548 3037 594 3075 me
605 3025 668 3075 ttan
669 3038 718 3074 um
729 3018 840 3074 facinus
851 3016 962 3085 admisi,

124 3098 240 3167 indicae,
256 3118 322 3155 cum
342 3097 391 3155 illa
411 3098 517 3155 indicia
537 3098 702 3155 communis
722 3097 811 3152 eurt'ir
822 3093 987 3164 &obesam

118 3179 251 3253 patefeci,
266 3178 385 3256 protuli,
402 3178 548 3238 exstinxit
593 3176 730 3237 Omnes
725 3193 765 3230 m
779 3189 837 3228 me
852 3179 981 3229 aas&
