<?xml version="1.0" encoding="UTF-8"?>
<!DOCTYPE html PUBLIC "-//W3C//DTD XHTML 1.0 Transitional//EN"
    "http://www.w3.org/TR/xhtml1/DTD/xhtml1-transitional.dtd">
<html xmlns="http://www.w3.org/1999/xhtml" xml:lang="en" lang="en">
 <head>
  <title>
</title>
<meta http-equiv="Content-Type" content="text/html;charset=utf-8" />
  <meta name='ocr-system' content='tesseract 3.04.00' />
  <meta name='ocr-capabilities' content='ocr_page ocr_carea ocr_par ocr_line ocrx_word'/>
</head>
<body>
  <div class='ocr_page' id='page_1' title='image "./mtulliiciceroni32cicegoog_0137.png"; bbox 0 0 1988 3480; ppageno 0'>
   <div class='ocr_carea' id='block_1_1' title="bbox 95 133 772 184">
    <p class='ocr_par' dir='ltr' id='par_1_1' title="bbox 95 133 772 184">
     <span class='ocr_line' id='line_1_1' title="bbox 95 133 772 184; baseline -0.001 -1"><span class='ocrx_word' id='word_1_1' title='bbox 95 137 142 184; x_wconf 78' lang='lat'><strong>122</strong></span> <span class='ocrx_word' id='word_1_2' title='bbox 250 133 321 184; x_wconf 89' lang='lat' dir='ltr'><strong>PRO</strong></span> <span class='ocrx_word' id='word_1_3' title='bbox 337 133 477 184; x_wconf 84' lang='lat' dir='ltr'>ARCHIA</span> <span class='ocrx_word' id='word_1_4' title='bbox 494 133 614 182; x_wconf 83' lang='lat' dir='ltr'><strong>POETA</strong></span> <span class='ocrx_word' id='word_1_5' title='bbox 630 133 772 183; x_wconf 78' lang='lat' dir='ltr'><strong>ORATIO.</strong></span> 
     </span>
    </p>
   </div>
   <div class='ocr_carea' id='block_1_2' title="bbox 63 234 948 3239">
    <p class='ocr_par' dir='ltr' id='par_1_2' title="bbox 63 234 948 3239">
     <span class='ocr_line' id='line_1_2' title="bbox 94 234 931 311; baseline 0 -19"><span class='ocrx_word' id='word_1_6' title='bbox 94 235 272 293; x_wconf 85' lang='lat' dir='ltr'><strong>domicilium</strong></span> <span class='ocrx_word' id='word_1_7' title='bbox 292 235 401 293; x_wconf 90' lang='lat' dir='ltr'><strong>Romae</strong></span> <span class='ocrx_word' id='word_1_8' title='bbox 422 254 480 292; x_wconf 92' lang='lat' dir='ltr'><strong>non</strong></span> <span class='ocrx_word' id='word_1_9' title='bbox 501 234 621 292; x_wconf 71' lang='lat' dir='ltr'><strong>habuit?</strong></span> <span class='ocrx_word' id='word_1_10' title='bbox 661 234 697 305; x_wconf 89' lang='lat' dir='ltr'><strong>Is,</strong></span> <span class='ocrx_word' id='word_1_11' title='bbox 714 235 763 311; x_wconf 93' lang='lat' dir='ltr'><strong>qui</strong></span> <span class='ocrx_word' id='word_1_12' title='bbox 784 241 829 291; x_wconf 93' lang='lat' dir='ltr'><strong>tot</strong></span> <span class='ocrx_word' id='word_1_13' title='bbox 850 238 931 292; x_wconf 89' lang='lat' dir='ltr'><strong>annis</strong></span> 
     </span>
     <span class='ocr_line' id='line_1_3' title="bbox 94 314 932 372; baseline -0.001 -1"><span class='ocrx_word' id='word_1_14' title='bbox 94 323 159 372; x_wconf 86' lang='lat' dir='ltr'><strong>ante</strong></span> <span class='ocrx_word' id='word_1_15' title='bbox 174 316 318 372; x_wconf 89' lang='lat' dir='ltr'><strong>civitatem</strong></span> <span class='ocrx_word' id='word_1_16' title='bbox 330 315 425 372; x_wconf 90' lang='lat' dir='ltr'><strong>datam</strong></span> <span class='ocrx_word' id='word_1_17' title='bbox 441 314 680 371; x_wconf 41' lang='lat' dir='ltr'><strong>sedem‘omnium</strong></span> <span class='ocrx_word' id='word_1_18' title='bbox 691 334 785 371; x_wconf 84' lang='lat' dir='ltr'><strong>rorum</strong></span> <span class='ocrx_word' id='word_1_19' title='bbox 800 335 831 371; x_wconf 91' lang='lat' dir='ltr'><strong>ac</strong></span> <span class='ocrx_word' id='word_1_20' title='bbox 842 315 932 371; x_wconf 85' lang='lat' dir='ltr'><strong>fortu-</strong></span> 
     </span>
     <span class='ocr_line' id='line_1_4' title="bbox 94 394 932 470; baseline 0 -19"><span class='ocrx_word' id='word_1_21' title='bbox 94 415 194 451; x_wconf 89' lang='lat' dir='ltr'><strong>narum</strong></span> <span class='ocrx_word' id='word_1_22' title='bbox 212 414 325 451; x_wconf 89' lang='lat' dir='ltr'><strong>suarum</strong></span> <span class='ocrx_word' id='word_1_23' title='bbox 340 394 448 452; x_wconf 83' lang='lat' dir='ltr'><strong>Romae</strong></span> <span class='ocrx_word' id='word_1_24' title='bbox 465 394 633 451; x_wconf 69' lang='lat' dir='ltr'><strong>collocavit?</strong></span> <span class='ocrx_word' id='word_1_25' title='bbox 673 394 721 449; x_wconf 91' lang='lat' dir='ltr'><strong>An</strong></span> <span class='ocrx_word' id='word_1_26' title='bbox 736 402 852 451; x_wconf 92' lang='lat' dir='ltr'><strong>nonest</strong></span> <span class='ocrx_word' id='word_1_27' title='bbox 868 414 932 470; x_wconf 94' lang='lat' dir='ltr'><strong>pro-</strong></span> 
     </span>
     <span class='ocr_line' id='line_1_5' title="bbox 94 473 931 550; baseline 0.001 -20"><span class='ocrx_word' id='word_1_28' title='bbox 94 475 203 532; x_wconf 65' lang='lat' dir='ltr'><strong>fessus?</strong></span> <span class='ocrx_word' id='word_1_29' title='bbox 244 474 338 530; x_wconf 90' lang='lat' dir='ltr'><strong>Immo</strong></span> <span class='ocrx_word' id='word_1_30' title='bbox 352 494 419 531; x_wconf 85' lang='lat' dir='ltr'><strong>vero</strong></span> <span class='ocrx_word' id='word_1_31' title='bbox 433 475 468 530; x_wconf 91' lang='lat' dir='ltr'><strong>iis</strong></span> <span class='ocrx_word' id='word_1_32' title='bbox 482 473 586 530; x_wconf 91' lang='lat' dir='ltr'><strong>tabulis</strong></span> <span class='ocrx_word' id='word_1_33' title='bbox 600 474 753 550; x_wconf 84' lang='lat' dir='ltr'><strong>professus,</strong></span> <span class='ocrx_word' id='word_1_34' title='bbox 767 493 838 550; x_wconf 90' lang='lat' dir='ltr'><strong>quae</strong></span> <span class='ocrx_word' id='word_1_35' title='bbox 856 474 931 531; x_wconf 92' lang='lat' dir='ltr'><strong>solae</strong></span> 
     </span>
     <span class='ocr_line' id='line_1_6' title="bbox 94 554 932 630; baseline 0 -20"><span class='ocrx_word' id='word_1_36' title='bbox 94 574 128 610; x_wconf 89' lang='lat' dir='ltr'><strong>ex</strong></span> <span class='ocrx_word' id='word_1_37' title='bbox 149 554 198 610; x_wconf 91' lang='lat' dir='ltr'><strong>illa</strong></span> <span class='ocrx_word' id='word_1_38' title='bbox 217 554 395 630; x_wconf 78' lang='lat' dir='ltr'><strong>professione</strong></span> <span class='ocrx_word' id='word_1_39' title='bbox 416 554 594 630; x_wconf 85' lang='lat' dir='ltr'><strong>collegioque</strong></span> <span class='ocrx_word' id='word_1_40' title='bbox 615 560 778 629; x_wconf 88' lang='lat' dir='ltr'><strong>praetorum</strong></span> <span class='ocrx_word' id='word_1_41' title='bbox 800 554 932 610; x_wconf 79' lang='lat' dir='ltr'><strong>obtinent</strong></span> 
     </span>
     <span class='ocr_line' id='line_1_7' title="bbox 93 633 930 710; baseline -0.002 -20"><span class='ocrx_word' id='word_1_42' title='bbox 93 633 271 710; x_wconf 88' lang='lat' dir='ltr'><strong>publicarum</strong></span> <span class='ocrx_word' id='word_1_43' title='bbox 288 633 447 690; x_wconf 84' lang='lat' dir='ltr'><strong>tabularum</strong></span> <span class='ocrx_word' id='word_1_44' title='bbox 467 634 672 690; x_wconf 85' lang='lat' dir='ltr'><strong>auctoritatem.</strong></span> <span class='ocrx_word' id='word_1_45' title='bbox 716 633 751 690; x_wconf 94' lang='lat' dir='ltr'><strong>V.</strong></span> <span class='ocrx_word' id='word_1_46' title='bbox 771 633 846 689; x_wconf 91' lang='lat' dir='ltr'><strong>Nam</strong></span> <span class='ocrx_word' id='word_1_47' title='bbox 866 653 930 690; x_wconf 85' lang='lat' dir='ltr'><strong>eum</strong></span> 
     </span>
     <span class='ocr_line' id='line_1_8' title="bbox 94 713 932 790; baseline 0 -21"><span class='ocrx_word' id='word_1_48' title='bbox 94 714 184 790; x_wconf 88' lang='lat' dir='ltr'><strong>Appii</strong></span> <span class='ocrx_word' id='word_1_49' title='bbox 195 713 307 770; x_wconf 90' lang='lat' dir='ltr'><strong>tabulae</strong></span> <span class='ocrx_word' id='word_1_50' title='bbox 321 713 513 790; x_wconf 86' lang='lat' dir='ltr'><strong>negligentius</strong></span> <span class='ocrx_word' id='word_1_51' title='bbox 527 713 688 769; x_wconf 83' lang='lat' dir='ltr'><strong>adservatae</strong></span> <span class='ocrx_word' id='word_1_52' title='bbox 700 713 867 783; x_wconf 79' lang='lat' dir='ltr'><strong>dicerentur,</strong></span> <span class='ocrx_word' id='word_1_53' title='bbox 878 714 932 769; x_wconf 81' lang='lat' dir='ltr'><strong>Ga-</strong></span> 
     </span>
     <span class='ocr_line' id='line_1_9' title="bbox 93 792 932 870; baseline -0.001 -21"><span class='ocrx_word' id='word_1_54' title='bbox 93 793 173 864; x_wconf 90' lang='lat' dir='ltr'><strong>binii,</strong></span> <span class='ocrx_word' id='word_1_55' title='bbox 185 793 321 870; x_wconf 90' lang='lat' dir='ltr'><strong>quamdiu</strong></span> <span class='ocrx_word' id='word_1_56' title='bbox 335 793 487 850; x_wconf 89' lang='lat' dir='ltr'><strong>incolumis</strong></span> <span class='ocrx_word' id='word_1_57' title='bbox 500 793 565 863; x_wconf 84' lang='lat' dir='ltr'><strong>fuit,</strong></span> <span class='ocrx_word' id='word_1_58' title='bbox 577 793 682 861; x_wconf 73' lang='lat' dir='ltr'><strong>levitas</strong></span> <span class='ocrx_word' id='word_1_59' title='bbox 695 799 760 868; x_wconf 91' lang='lat' dir='ltr'><strong>post</strong></span> <span class='ocrx_word' id='word_1_60' title='bbox 775 792 932 849; x_wconf 79' lang='lat' dir='ltr'><strong>damnatio</strong></span> 
     </span>
     <span class='ocr_line' id='line_1_10' title="bbox 94 871 930 948; baseline 0.001 -20"><span class='ocrx_word' id='word_1_61' title='bbox 94 891 159 928; x_wconf 89' lang='lat' dir='ltr'><strong>nem</strong></span> <span class='ocrx_word' id='word_1_62' title='bbox 177 873 321 930; x_wconf 85' lang='lat' dir='ltr'><strong>calamitas</strong></span> <span class='ocrx_word' id='word_1_63' title='bbox 339 892 452 930; x_wconf 90' lang='lat' dir='ltr'><strong>ornnem</strong></span> <span class='ocrx_word' id='word_1_64' title='bbox 472 872 632 929; x_wconf 89' lang='lat' dir='ltr'><strong>tabularum</strong></span> <span class='ocrx_word' id='word_1_65' title='bbox 648 871 734 928; x_wconf 90' lang='lat' dir='ltr'><strong>fidem</strong></span> <span class='ocrx_word' id='word_1_66' title='bbox 754 873 930 948; x_wconf 81' lang='lat' dir='ltr'><strong>resignasset,</strong></span> 
     </span>
     <span class='ocr_line' id='line_1_11' title="bbox 95 951 932 1028; baseline 0.002 -22"><span class='ocrx_word' id='word_1_67' title='bbox 95 951 233 1021; x_wconf 86' lang='lat' dir='ltr'><strong>Metellus,</strong></span> <span class='ocrx_word' id='word_1_68' title='bbox 244 952 332 1008; x_wconf 93' lang='lat' dir='ltr'><strong>homo</strong></span> <span class='ocrx_word' id='word_1_69' title='bbox 344 953 538 1009; x_wconf 90' lang='lat' dir='ltr'><strong>sanctissimus</strong></span> <span class='ocrx_word' id='word_1_70' title='bbox 548 952 830 1028; x_wconf 86' lang='lat' dir='ltr'><strong>modestissimusque</strong></span> <span class='ocrx_word' id='word_1_71' title='bbox 843 952 932 1008; x_wconf 89' lang='lat' dir='ltr'><strong>omni-</strong></span> 
     </span>
     <span class='ocr_line' id='line_1_12' title="bbox 94 1031 932 1108; baseline 0.002 -22"><span class='ocrx_word' id='word_1_72' title='bbox 94 1051 152 1101; x_wconf 86' lang='lat' dir='ltr'><strong>um,</strong></span> <span class='ocrx_word' id='word_1_73' title='bbox 168 1039 248 1087; x_wconf 87' lang='lat' dir='ltr'><strong>tanta</strong></span> <span class='ocrx_word' id='word_1_74' title='bbox 264 1031 413 1108; x_wconf 79' lang='lat' dir='ltr'><strong>diligentia</strong></span> <span class='ocrx_word' id='word_1_75' title='bbox 429 1032 494 1102; x_wconf 87' lang='lat' dir='ltr'><strong>fuit,</strong></span> <span class='ocrx_word' id='word_1_76' title='bbox 507 1038 539 1088; x_wconf 93' lang='lat' dir='ltr'><strong>ut</strong></span> <span class='ocrx_word' id='word_1_77' title='bbox 556 1031 592 1088; x_wconf 94' lang='lat' dir='ltr'><strong>ad</strong></span> <span class='ocrx_word' id='word_1_78' title='bbox 609 1031 639 1087; x_wconf 90' lang='lat' dir='ltr'><strong>L.</strong></span> <span class='ocrx_word' id='word_1_79' title='bbox 653 1031 805 1087; x_wconf 89' lang='lat' dir='ltr'><strong>Lentulum</strong></span> <span class='ocrx_word' id='word_1_80' title='bbox 822 1039 932 1107; x_wconf 88' lang='lat' dir='ltr'><strong>praeto-</strong></span> 
     </span>
     <span class='ocr_line' id='line_1_13' title="bbox 94 1111 932 1168; baseline 0.001 -2"><span class='ocrx_word' id='word_1_81' title='bbox 94 1129 153 1167; x_wconf 88' lang='lat' dir='ltr'><strong>rem</strong></span> <span class='ocrx_word' id='word_1_82' title='bbox 172 1117 201 1167; x_wconf 91' lang='lat' dir='ltr'><strong>et</strong></span> <span class='ocrx_word' id='word_1_83' title='bbox 217 1111 253 1167; x_wconf 87' lang='lat' dir='ltr'><strong>ad</strong></span> <span class='ocrx_word' id='word_1_84' title='bbox 267 1111 375 1168; x_wconf 89' lang='lat' dir='ltr'><strong>iudices</strong></span> <span class='ocrx_word' id='word_1_85' title='bbox 391 1111 500 1168; x_wconf 90' lang='lat' dir='ltr'><strong>venerit</strong></span> <span class='ocrx_word' id='word_1_86' title='bbox 517 1118 545 1168; x_wconf 89' lang='lat' dir='ltr'><strong>et</strong></span> <span class='ocrx_word' id='word_1_87' title='bbox 562 1111 646 1167; x_wconf 90' lang='lat' dir='ltr'><strong>unius</strong></span> <span class='ocrx_word' id='word_1_88' title='bbox 662 1111 787 1167; x_wconf 89' lang='lat' dir='ltr'><strong>nominis</strong></span> <span class='ocrx_word' id='word_1_89' title='bbox 802 1111 886 1166; x_wconf 91' lang='lat' dir='ltr'><strong>litura</strong></span> <span class='ocrx_word' id='word_1_90' title='bbox 903 1131 932 1167; x_wconf 90' lang='lat' dir='ltr'><strong>se</strong></span> 
     </span>
     <span class='ocr_line' id='line_1_14' title="bbox 94 1190 931 1267; baseline 0 -21"><span class='ocrx_word' id='word_1_91' title='bbox 94 1198 272 1247; x_wconf 89' lang='lat' dir='ltr'><strong>commotum</strong></span> <span class='ocrx_word' id='word_1_92' title='bbox 292 1210 352 1247; x_wconf 89' lang='lat' dir='ltr'><strong>esse</strong></span> <span class='ocrx_word' id='word_1_93' title='bbox 369 1190 479 1248; x_wconf 87' lang='lat' dir='ltr'><strong>dixerit.</strong></span> <span class='ocrx_word' id='word_1_94' title='bbox 522 1190 577 1246; x_wconf 90' lang='lat' dir='ltr'><strong>His</strong></span> <span class='ocrx_word' id='word_1_95' title='bbox 596 1191 684 1267; x_wconf 79' lang='lat' dir='ltr'><strong>igitur</strong></span> <span class='ocrx_word' id='word_1_96' title='bbox 700 1190 804 1246; x_wconf 88' lang='lat' dir='ltr'><strong>tabulis</strong></span> <span class='ocrx_word' id='word_1_97' title='bbox 824 1190 931 1246; x_wconf 89' lang='lat' dir='ltr'><strong>nullam</strong></span> 
     </span>
     <span class='ocr_line' id='line_1_15' title="bbox 93 1268 931 1337; baseline 0 -11"><span class='ocrx_word' id='word_1_98' title='bbox 93 1269 208 1327; x_wconf 82' lang='lat' dir='ltr'><strong>lituram</strong></span> <span class='ocrx_word' id='word_1_99' title='bbox 223 1270 253 1326; x_wconf 92' lang='lat' dir='ltr'><strong>in</strong></span> <span class='ocrx_word' id='word_1_100' title='bbox 267 1271 384 1327; x_wconf 90' lang='lat' dir='ltr'><strong>nomine</strong></span> <span class='ocrx_word' id='word_1_101' title='bbox 395 1271 430 1327; x_wconf 86' lang='lat' dir='ltr'><strong>A.</strong></span> <span class='ocrx_word' id='word_1_102' title='bbox 442 1269 544 1327; x_wconf 90' lang='lat' dir='ltr'><strong>Licinii</strong></span> <span class='ocrx_word' id='word_1_103' title='bbox 558 1270 667 1326; x_wconf 89' lang='lat' dir='ltr'><strong>videtis.</strong></span> <span class='ocrx_word' id='word_1_104' title='bbox 712 1275 756 1326; x_wconf 85' lang='lat'><strong>10.</strong></span> <span class='ocrx_word' id='word_1_105' title='bbox 773 1268 852 1337; x_wconf 81' lang='lat' dir='ltr'><strong>Quae</strong></span> <span class='ocrx_word' id='word_1_106' title='bbox 866 1290 931 1326; x_wconf 91' lang='lat' dir='ltr'><strong>cum</strong></span> 
     </span>
     <span class='ocr_line' id='line_1_16' title="bbox 93 1349 932 1441; baseline 0 -36"><span class='ocrx_word' id='word_1_107' title='bbox 93 1349 135 1406; x_wconf 90' lang='lat' dir='ltr'><strong>ita</strong></span> <span class='ocrx_word' id='word_1_108' title='bbox 149 1351 214 1420; x_wconf 85' lang='lat' dir='ltr'><strong>sint,</strong></span> <span class='ocrx_word' id='word_1_109' title='bbox 225 1350 294 1426; x_wconf 91' lang='lat' dir='ltr'><strong>quid</strong></span> <span class='ocrx_word' id='word_1_110' title='bbox 305 1356 348 1407; x_wconf 93' lang='lat' dir='ltr'><strong>est</strong></span> <span class='ocrx_word' id='word_1_111' title='bbox 359 1349 437 1427; x_wconf 90' lang='lat' dir='ltr'><strong>quod</strong></span> <span class='ocrx_word' id='word_1_112' title='bbox 448 1350 484 1407; x_wconf 90' lang='lat' dir='ltr'><strong>de</strong></span> <span class='ocrx_word' id='word_1_113' title='bbox 498 1351 558 1407; x_wconf 92' lang='lat' dir='ltr'><strong>cius</strong></span> <span class='ocrx_word' id='word_1_114' title='bbox 572 1349 685 1407; x_wconf 89' lang='lat' dir='ltr'><strong>civitate</strong></span> <span class='ocrx_word' id='word_1_115' title='bbox 700 1349 844 1420; x_wconf 76' lang='lat' dir='ltr'><strong>dubitetis,</strong></span> <span class='ocrx_word' id='word_1_116' title='bbox 855 1370 932 1441; x_wconf 84' lang='lat' dir='ltr'><strong>prae-</strong></span> 
     </span>
     <span class='ocr_line' id='line_1_17' title="bbox 94 1429 933 1507; baseline 0.001 -22"><span class='ocrx_word' id='word_1_117' title='bbox 94 1430 192 1486; x_wconf 89' lang='lat' dir='ltr'><strong>sertim</strong></span> <span class='ocrx_word' id='word_1_118' title='bbox 209 1449 275 1486; x_wconf 88' lang='lat' dir='ltr'><strong>cum</strong></span> <span class='ocrx_word' id='word_1_119' title='bbox 291 1429 353 1486; x_wconf 91' lang='lat' dir='ltr'><strong>aliis</strong></span> <span class='ocrx_word' id='word_1_120' title='bbox 371 1449 484 1507; x_wconf 90' lang='lat' dir='ltr'><strong>quoque</strong></span> <span class='ocrx_word' id='word_1_121' title='bbox 500 1430 531 1486; x_wconf 90' lang='lat' dir='ltr'><strong>in</strong></span> <span class='ocrx_word' id='word_1_122' title='bbox 548 1430 645 1498; x_wconf 80' lang='lat' dir='ltr'><strong>civitat</strong></span> <span class='ocrx_word' id='word_1_123' title='bbox 646 1429 710 1486; x_wconf 90' lang='lat' dir='ltr'><strong>ibus</strong></span> <span class='ocrx_word' id='word_1_124' title='bbox 727 1430 814 1486; x_wconf 79' lang='lat' dir='ltr'><strong>fuerit</strong></span> <span class='ocrx_word' id='word_1_125' title='bbox 831 1431 933 1507; x_wconf 88' lang='lat' dir='ltr'><strong>ascrip-</strong></span> 
     </span>
     <span class='ocr_line' id='line_1_18' title="bbox 93 1494 933 1567; baseline 0.001 -2"><span class='ocrx_word' id='word_1_126' title='bbox 93 1510 159 1566; x_wconf 79' lang='lat' dir='ltr'><strong>tusl</strong></span> <span class='ocrx_word' id='word_1_127' title='bbox 199 1509 315 1566; x_wconf 89' lang='lat' dir='ltr'><strong>Etenim</strong></span> <span class='ocrx_word' id='word_1_128' title='bbox 334 1529 399 1567; x_wconf 91' lang='lat' dir='ltr'><strong>cum</strong></span> <span class='ocrx_word' id='word_1_129' title='bbox 416 1494 607 1567; x_wconf 84' lang='lat' dir='ltr'><strong>mediocribus</strong></span> <span class='ocrx_word' id='word_1_130' title='bbox 625 1509 771 1566; x_wconf 89' lang='lat' dir='ltr'><strong>multiset</strong></span> <span class='ocrx_word' id='word_1_131' title='bbox 759 1517 840 1566; x_wconf 88' lang='lat' dir='ltr'><strong>taut</strong></span> <span class='ocrx_word' id='word_1_132' title='bbox 856 1510 933 1567; x_wconf 93' lang='lat' dir='ltr'><strong>nulla</strong></span> 
     </span>
     <span class='ocr_line' id='line_1_19' title="bbox 94 1588 932 1666; baseline 0.001 -21"><span class='ocrx_word' id='word_1_133' title='bbox 94 1595 143 1646; x_wconf 87' lang='lat' dir='ltr'><strong>aut</strong></span> <span class='ocrx_word' id='word_1_134' title='bbox 156 1588 259 1646; x_wconf 90' lang='lat' dir='ltr'><strong>humili</strong></span> <span class='ocrx_word' id='word_1_135' title='bbox 273 1589 368 1666; x_wconf 88' lang='lat' dir='ltr'><strong>aliqua</strong></span> <span class='ocrx_word' id='word_1_136' title='bbox 381 1597 440 1646; x_wconf 91' lang='lat' dir='ltr'><strong>arte</strong></span> <span class='ocrx_word' id='word_1_137' title='bbox 454 1589 590 1666; x_wconf 81' lang='lat' dir='ltr'><strong>praeditis</strong></span> <span class='ocrx_word' id='word_1_138' title='bbox 604 1590 710 1665; x_wconf 81' lang='lat' dir='ltr'><strong>gratuit</strong></span> <span class='ocrx_word' id='word_1_139' title='bbox 712 1609 729 1646; x_wconf 91' lang='lat' dir='ltr'><strong>o</strong></span> <span class='ocrx_word' id='word_1_140' title='bbox 744 1609 829 1647; x_wconf 85' lang='lat' dir='ltr'><strong>cu</strong></span> <span class='ocrx_word' id='word_1_141' title='bbox 789 1590 829 1647; x_wconf 87' lang='lat' dir='ltr'><strong>rt</strong></span> <span class='ocrx_word' id='word_1_142' title='bbox 830 1597 888 1647; x_wconf 90' lang='lat' dir='ltr'><strong>tem</strong></span> <span class='ocrx_word' id='word_1_143' title='bbox 903 1591 932 1646; x_wconf 93' lang='lat' dir='ltr'><strong>in</strong></span> 
     </span>
     <span class='ocr_line' id='line_1_20' title="bbox 94 1667 933 1746; baseline 0 -20"><span class='ocrx_word' id='word_1_144' title='bbox 94 1667 212 1726; x_wconf 84' lang='lat' dir='ltr'><strong>Graecia</strong></span> <span class='ocrx_word' id='word_1_145' title='bbox 235 1669 366 1726; x_wconf 89' lang='lat' dir='ltr'><strong>homines</strong></span> <span class='ocrx_word' id='word_1_146' title='bbox 390 1668 600 1746; x_wconf 87' lang='lat' dir='ltr'><strong>impertiebant,</strong></span> <span class='ocrx_word' id='word_1_147' title='bbox 620 1668 747 1744; x_wconf 83' lang='lat' dir='ltr'><strong>Reginos</strong></span> <span class='ocrx_word' id='word_1_148' title='bbox 775 1670 859 1727; x_wconf 88' lang='lat' dir='ltr'><strong>credo</strong></span> <span class='ocrx_word' id='word_1_149' title='bbox 884 1677 933 1726; x_wconf 92' lang='lat' dir='ltr'><strong>aut</strong></span> 
     </span>
     <span class='ocr_line' id='line_1_21' title="bbox 94 1747 933 1826; baseline -0.001 -20"><span class='ocrx_word' id='word_1_150' title='bbox 94 1747 247 1806; x_wconf 88' lang='lat' dir='ltr'><strong>Locrenses</strong></span> <span class='ocrx_word' id='word_1_151' title='bbox 275 1756 324 1806; x_wconf 92' lang='lat' dir='ltr'><strong>aut</strong></span> <span class='ocrx_word' id='word_1_152' title='bbox 350 1748 555 1824; x_wconf 88' lang='lat' dir='ltr'><strong>Neapolitanos</strong></span> <span class='ocrx_word' id='word_1_153' title='bbox 582 1755 631 1805; x_wconf 92' lang='lat' dir='ltr'><strong>aut</strong></span> <span class='ocrx_word' id='word_1_154' title='bbox 655 1748 832 1819; x_wconf 86' lang='lat' dir='ltr'><strong>Tarentinos,</strong></span> <span class='ocrx_word' id='word_1_155' title='bbox 856 1750 933 1826; x_wconf 92' lang='lat' dir='ltr'><strong>quod</strong></span> 
     </span>
     <span class='ocr_line' id='line_1_22' title="bbox 95 1827 934 1904; baseline 0.001 -20"><span class='ocrx_word' id='word_1_156' title='bbox 95 1829 229 1885; x_wconf 90' lang='lat' dir='ltr'><strong>scaenicis</strong></span> <span class='ocrx_word' id='word_1_157' title='bbox 247 1827 402 1884; x_wconf 88' lang='lat' dir='ltr'><strong>artificibus</strong></span> <span class='ocrx_word' id='word_1_158' title='bbox 421 1828 517 1904; x_wconf 82' lang='lat' dir='ltr'><strong>largiri</strong></span> <span class='ocrx_word' id='word_1_159' title='bbox 536 1827 672 1895; x_wconf 80' lang='lat' dir='ltr'><strong>solebant,</strong></span> <span class='ocrx_word' id='word_1_160' title='bbox 689 1827 718 1883; x_wconf 91' lang='lat' dir='ltr'><strong>id</strong></span> <span class='ocrx_word' id='word_1_161' title='bbox 735 1828 801 1884; x_wconf 92' lang='lat' dir='ltr'><strong>huic</strong></span> <span class='ocrx_word' id='word_1_162' title='bbox 821 1849 934 1885; x_wconf 89' lang='lat' dir='ltr'><strong>summa</strong></span> 
     </span>
     <span class='ocr_line' id='line_1_23' title="bbox 63 1904 933 1984; baseline 0 -20"><span class='ocrx_word' id='word_1_163' title='bbox 63 1925 68 1933; x_wconf 89' lang='grc'><em>·</em></span> <span class='ocrx_word' id='word_1_164' title='bbox 94 1907 203 1984; x_wconf 78' lang='lat' dir='ltr'><strong>ingenii</strong></span> <span class='ocrx_word' id='word_1_165' title='bbox 216 1907 346 1983; x_wconf 89' lang='lat' dir='ltr'><strong>praedito</strong></span> <span class='ocrx_word' id='word_1_166' title='bbox 361 1907 451 1982; x_wconf 73' lang='lat' dir='ltr'><strong>gloria</strong></span> <span class='ocrx_word' id='word_1_167' title='bbox 468 1906 608 1963; x_wconf 86' lang='lat' dir='ltr'><strong>noluisse!</strong></span> <span class='ocrx_word' id='word_1_168' title='bbox 650 1904 744 1973; x_wconf 69' lang='lat' dir='ltr'><strong>Quid?</strong></span> <span class='ocrx_word' id='word_1_169' title='bbox 764 1927 829 1963; x_wconf 92' lang='lat' dir='ltr'><strong>cum</strong></span> <span class='ocrx_word' id='word_1_170' title='bbox 847 1910 933 1964; x_wconf 88' lang='lat' dir='ltr'><strong>ceteri</strong></span> 
     </span>
     <span class='ocr_line' id='line_1_24' title="bbox 94 1985 934 2063; baseline 0 -20"><span class='ocrx_word' id='word_1_171' title='bbox 94 2005 152 2043; x_wconf 91' lang='lat' dir='ltr'><strong>nou</strong></span> <span class='ocrx_word' id='word_1_172' title='bbox 171 1987 258 2042; x_wconf 92' lang='lat' dir='ltr'><strong>modo</strong></span> <span class='ocrx_word' id='word_1_173' title='bbox 277 1993 344 2062; x_wconf 90' lang='lat' dir='ltr'><strong>post</strong></span> <span class='ocrx_word' id='word_1_174' title='bbox 363 1987 507 2043; x_wconf 90' lang='lat' dir='ltr'><strong>civitatem</strong></span> <span class='ocrx_word' id='word_1_175' title='bbox 524 1986 629 2055; x_wconf 86' lang='lat' dir='ltr'><strong>datam,</strong></span> <span class='ocrx_word' id='word_1_176' title='bbox 645 1985 695 2042; x_wconf 89' lang='lat' dir='ltr'><strong>sed</strong></span> <span class='ocrx_word' id='word_1_177' title='bbox 712 1987 797 2042; x_wconf 87' lang='lat' dir='ltr'><strong>etiam</strong></span> <span class='ocrx_word' id='word_1_178' title='bbox 814 1995 880 2063; x_wconf 89' lang='lat' dir='ltr'><strong>post</strong></span> <span class='ocrx_word' id='word_1_179' title='bbox 897 1987 934 2044; x_wconf 92' lang='lat' dir='ltr'><strong>lc-</strong></span> 
     </span>
     <span class='ocr_line' id='line_1_25' title="bbox 94 2065 932 2142; baseline 0.001 -21"><span class='ocrx_word' id='word_1_180' title='bbox 94 2083 159 2141; x_wconf 80' lang='lat' dir='ltr'><strong>gem</strong></span> <span class='ocrx_word' id='word_1_181' title='bbox 178 2065 298 2140; x_wconf 79' lang='lat' dir='ltr'><strong>Papiam</strong></span> <span class='ocrx_word' id='word_1_182' title='bbox 317 2065 413 2141; x_wconf 91' lang='lat' dir='ltr'><strong>aliquo</strong></span> <span class='ocrx_word' id='word_1_183' title='bbox 434 2065 522 2122; x_wconf 92' lang='lat' dir='ltr'><strong>modo</strong></span> <span class='ocrx_word' id='word_1_184' title='bbox 541 2066 570 2121; x_wconf 91' lang='lat' dir='ltr'><strong>in</strong></span> <span class='ocrx_word' id='word_1_185' title='bbox 592 2084 690 2122; x_wconf 90' lang='lat' dir='ltr'><strong>eorum</strong></span> <span class='ocrx_word' id='word_1_186' title='bbox 712 2067 932 2142; x_wconf 88' lang='lat' dir='ltr'><strong>municipiorum</strong></span> 
     </span>
     <span class='ocr_line' id='line_1_26' title="bbox 94 2143 932 2223; baseline 0.001 -22"><span class='ocrx_word' id='word_1_187' title='bbox 94 2143 204 2201; x_wconf 88' lang='lat' dir='ltr'><strong>tabulas</strong></span> <span class='ocrx_word' id='word_1_188' title='bbox 218 2145 398 2220; x_wconf 87' lang='lat' dir='ltr'><strong>irrepserunt,</strong></span> <span class='ocrx_word' id='word_1_189' title='bbox 410 2145 466 2215; x_wconf 86' lang='lat' dir='ltr'><strong>hic,</strong></span> <span class='ocrx_word' id='word_1_190' title='bbox 478 2145 527 2221; x_wconf 89' lang='lat' dir='ltr'><strong>qui</strong></span> <span class='ocrx_word' id='word_1_191' title='bbox 542 2164 577 2202; x_wconf 90' lang='lat' dir='ltr'><strong>nc</strong></span> <span class='ocrx_word' id='word_1_192' title='bbox 591 2145 682 2202; x_wconf 89' lang='lat' dir='ltr'><strong>utitur</strong></span> <span class='ocrx_word' id='word_1_193' title='bbox 696 2146 811 2223; x_wconf 88' lang='lat' dir='ltr'><strong>quidem</strong></span> <span class='ocrx_word' id='word_1_194' title='bbox 826 2146 889 2217; x_wconf 85' lang='lat' dir='ltr'><strong>illis,</strong></span> <span class='ocrx_word' id='word_1_195' title='bbox 902 2147 932 2202; x_wconf 93' lang='lat' dir='ltr'><strong>in</strong></span> 
     </span>
     <span class='ocr_line' id='line_1_27' title="bbox 95 2224 932 2302; baseline 0.002 -22"><span class='ocrx_word' id='word_1_196' title='bbox 95 2224 197 2300; x_wconf 94' lang='lat' dir='ltr'><strong>quibus</strong></span> <span class='ocrx_word' id='word_1_197' title='bbox 221 2231 264 2281; x_wconf 90' lang='lat' dir='ltr'><strong>est</strong></span> <span class='ocrx_word' id='word_1_198' title='bbox 287 2225 416 2301; x_wconf 85' lang='lat' dir='ltr'><strong>scriptus,</strong></span> <span class='ocrx_word' id='word_1_199' title='bbox 437 2225 515 2302; x_wconf 93' lang='lat' dir='ltr'><strong>quod</strong></span> <span class='ocrx_word' id='word_1_200' title='bbox 537 2244 648 2302; x_wconf 91' lang='lat' dir='ltr'><strong>semper</strong></span> <span class='ocrx_word' id='word_1_201' title='bbox 670 2244 699 2282; x_wconf 88' lang='lat' dir='ltr'><strong>sc</strong></span> <span class='ocrx_word' id='word_1_202' title='bbox 721 2225 932 2283; x_wconf 88' lang='lat' dir='ltr'><strong>Heracliensem</strong></span> 
     </span>
     <span class='ocr_line' id='line_1_28' title="bbox 94 2303 933 2383; baseline 0.004 -23"><span class='ocrx_word' id='word_1_203' title='bbox 94 2323 154 2360; x_wconf 89' lang='lat' dir='ltr'><strong>esse</strong></span> <span class='ocrx_word' id='word_1_204' title='bbox 172 2303 271 2374; x_wconf 88' lang='lat' dir='ltr'><strong>voluit,</strong></span> <span class='ocrx_word' id='word_1_205' title='bbox 286 2304 446 2362; x_wconf 77' lang='lat' dir='ltr'><strong>reiicieturt</strong></span> <span class='ocrx_word' id='word_1_206' title='bbox 489 2310 533 2362; x_wconf 93' lang='grc'><strong>11.</strong></span> <span class='ocrx_word' id='word_1_207' title='bbox 556 2304 666 2362; x_wconf 82' lang='lat' dir='ltr'><strong>Census</strong></span> <span class='ocrx_word' id='word_1_208' title='bbox 684 2312 797 2363; x_wconf 88' lang='lat' dir='ltr'><strong>nostros</strong></span> <span class='ocrx_word' id='word_1_209' title='bbox 813 2307 933 2383; x_wconf 88' lang='lat' dir='ltr'><strong>requiris</strong></span> 
     </span>
     <span class='ocr_line' id='line_1_29' title="bbox 94 2383 933 2462; baseline 0.002 -22"><span class='ocrx_word' id='word_1_210' title='bbox 94 2383 208 2441; x_wconf 89' lang='lat' dir='ltr'><strong>scilicet.</strong></span> <span class='ocrx_word' id='word_1_211' title='bbox 251 2383 303 2441; x_wconf 87' lang='lat' dir='ltr'><strong>Est</strong></span> <span class='ocrx_word' id='word_1_212' title='bbox 327 2384 403 2440; x_wconf 91' lang='lat' dir='ltr'><strong>enirn</strong></span> <span class='ocrx_word' id='word_1_213' title='bbox 428 2383 580 2442; x_wconf 90' lang='lat' dir='ltr'><strong>obscurum</strong></span> <span class='ocrx_word' id='word_1_214' title='bbox 604 2385 743 2462; x_wconf 87' lang='lat' dir='ltr'><strong>proximis</strong></span> <span class='ocrx_word' id='word_1_215' title='bbox 770 2386 933 2443; x_wconf 86' lang='lat' dir='ltr'><strong>censoribus</strong></span> 
     </span>
     <span class='ocr_line' id='line_1_30' title="bbox 94 2463 933 2542; baseline 0.002 -23"><span class='ocrx_word' id='word_1_216' title='bbox 94 2463 169 2520; x_wconf 85' lang='lat' dir='ltr'><strong>hunc</strong></span> <span class='ocrx_word' id='word_1_217' title='bbox 184 2483 248 2520; x_wconf 91' lang='lat' dir='ltr'><strong>cum</strong></span> <span class='ocrx_word' id='word_1_218' title='bbox 264 2463 419 2521; x_wconf 88' lang='lat' dir='ltr'><strong>clarissimo</strong></span> <span class='ocrx_word' id='word_1_219' title='bbox 433 2465 605 2542; x_wconf 88' lang='lat' dir='ltr'><strong>imperatore</strong></span> <span class='ocrx_word' id='word_1_220' title='bbox 620 2463 649 2521; x_wconf 90' lang='lat' dir='ltr'><strong>L.</strong></span> <span class='ocrx_word' id='word_1_221' title='bbox 663 2464 781 2522; x_wconf 91' lang='lat' dir='ltr'><strong>Lucullo</strong></span> <span class='ocrx_word' id='word_1_222' title='bbox 798 2465 874 2541; x_wconf 90' lang='lat' dir='ltr'><strong>apud</strong></span> <span class='ocrx_word' id='word_1_223' title='bbox 888 2486 933 2522; x_wconf 87' lang='lat' dir='ltr'><strong>ex-</strong></span> 
     </span>
     <span class='ocr_line' id='line_1_31' title="bbox 94 2543 932 2621; baseline 0.002 -22"><span class='ocrx_word' id='word_1_224' title='bbox 94 2544 214 2600; x_wconf 89' lang='lat' dir='ltr'><strong>ercitum</strong></span> <span class='ocrx_word' id='word_1_225' title='bbox 236 2543 333 2614; x_wconf 86' lang='lat' dir='ltr'><strong>fuisse,</strong></span> <span class='ocrx_word' id='word_1_226' title='bbox 353 2543 545 2621; x_wconf 89' lang='lat' dir='ltr'><strong>superioribus</strong></span> <span class='ocrx_word' id='word_1_227' title='bbox 569 2563 634 2601; x_wconf 91' lang='lat' dir='ltr'><strong>eum</strong></span> <span class='ocrx_word' id='word_1_228' title='bbox 659 2545 760 2601; x_wconf 89' lang='lat' dir='ltr'><strong>eodem</strong></span> <span class='ocrx_word' id='word_1_229' title='bbox 785 2551 932 2620; x_wconf 85' lang='lat' dir='ltr'><strong>quaestore</strong></span> 
     </span>
     <span class='ocr_line' id='line_1_32' title="bbox 94 2622 948 2700; baseline 0.001 -22"><span class='ocrx_word' id='word_1_230' title='bbox 94 2623 183 2680; x_wconf 81' lang='lat' dir='ltr'><strong>fuisse</strong></span> <span class='ocrx_word' id='word_1_231' title='bbox 199 2623 229 2678; x_wconf 92' lang='lat' dir='ltr'><strong>in</strong></span> <span class='ocrx_word' id='word_1_232' title='bbox 246 2622 322 2694; x_wconf 76' lang='lat' dir='ltr'><strong>Asia,</strong></span> <span class='ocrx_word' id='word_1_233' title='bbox 335 2624 435 2700; x_wconf 92' lang='lat' dir='ltr'><strong>primis</strong></span> <span class='ocrx_word' id='word_1_234' title='bbox 452 2624 527 2681; x_wconf 91' lang='lat' dir='ltr'><strong>Iulio</strong></span> <span class='ocrx_word' id='word_1_235' title='bbox 545 2631 573 2681; x_wconf 92' lang='lat' dir='ltr'><strong>et</strong></span> <span class='ocrx_word' id='word_1_236' title='bbox 589 2623 691 2681; x_wconf 82' lang='lat' dir='ltr'><strong>Crasso</strong></span> <span class='ocrx_word' id='word_1_237' title='bbox 708 2623 815 2680; x_wconf 89' lang='lat' dir='ltr'><strong>nullam</strong></span> <span class='ocrx_word' id='word_1_238' title='bbox 832 2623 948 2700; x_wconf 90' lang='lat' dir='ltr'><strong>populi·</strong></span> 
     </span>
     <span class='ocr_line' id='line_1_33' title="bbox 94 2703 932 2780; baseline 0.001 -22"><span class='ocrx_word' id='word_1_239' title='bbox 94 2709 204 2779; x_wconf 88' lang='lat' dir='ltr'><strong>partem</strong></span> <span class='ocrx_word' id='word_1_240' title='bbox 224 2722 283 2760; x_wconf 88' lang='lat' dir='ltr'><strong>esse</strong></span> <span class='ocrx_word' id='word_1_241' title='bbox 302 2723 423 2760; x_wconf 89' lang='lat' dir='ltr'><strong>censam.</strong></span> <span class='ocrx_word' id='word_1_242' title='bbox 466 2703 524 2761; x_wconf 83' lang='lat' dir='ltr'><strong>Sed</strong></span> <span class='ocrx_word' id='word_1_243' title='bbox 541 2704 676 2780; x_wconf 92' lang='lat' dir='ltr'><strong>quoniam</strong></span> <span class='ocrx_word' id='word_1_244' title='bbox 695 2723 795 2761; x_wconf 89' lang='lat' dir='ltr'><strong>census</strong></span> <span class='ocrx_word' id='word_1_245' title='bbox 813 2704 932 2760; x_wconf 91' lang='lat' dir='ltr'><strong>nonius</strong></span> 
     </span>
     <span class='ocr_line' id='line_1_34' title="bbox 95 2782 932 2859; baseline 0.001 -22"><span class='ocrx_word' id='word_1_246' title='bbox 95 2782 149 2838; x_wconf 92' lang='lat' dir='ltr'><strong>civi</strong></span> <span class='ocrx_word' id='word_1_247' title='bbox 151 2783 218 2838; x_wconf 87' lang='lat' dir='ltr'><strong>attis</strong></span> <span class='ocrx_word' id='word_1_248' title='bbox 235 2782 384 2840; x_wconf 90' lang='lat' dir='ltr'><strong>confirmat</strong></span> <span class='ocrx_word' id='word_1_249' title='bbox 398 2803 430 2840; x_wconf 91' lang='lat' dir='ltr'><strong>ac</strong></span> <span class='ocrx_word' id='word_1_250' title='bbox 444 2790 556 2840; x_wconf 89' lang='lat' dir='ltr'><strong>tantum</strong></span> <span class='ocrx_word' id='word_1_251' title='bbox 573 2783 661 2839; x_wconf 92' lang='lat' dir='ltr'><strong>modo</strong></span> <span class='ocrx_word' id='word_1_252' title='bbox 676 2784 784 2841; x_wconf 90' lang='lat' dir='ltr'><strong>indicat</strong></span> <span class='ocrx_word' id='word_1_253' title='bbox 798 2803 871 2854; x_wconf 88' lang='lat' dir='ltr'><strong>eum,</strong></span> <span class='ocrx_word' id='word_1_254' title='bbox 884 2783 932 2859; x_wconf 92' lang='lat' dir='ltr'><strong>qui</strong></span> 
     </span>
     <span class='ocr_line' id='line_1_35' title="bbox 95 2861 932 2955; baseline 0.001 -38"><span class='ocrx_word' id='word_1_255' title='bbox 95 2861 132 2918; x_wconf 90' lang='lat' dir='ltr'><strong>sit</strong></span> <span class='ocrx_word' id='word_1_256' title='bbox 146 2881 253 2931; x_wconf 91' lang='lat' dir='ltr'><strong>census,</strong></span> <span class='ocrx_word' id='word_1_257' title='bbox 264 2863 305 2919; x_wconf 90' lang='lat' dir='ltr'><strong>ita</strong></span> <span class='ocrx_word' id='word_1_258' title='bbox 319 2882 348 2919; x_wconf 90' lang='lat' dir='ltr'><strong>se</strong></span> <span class='ocrx_word' id='word_1_259' title='bbox 362 2863 418 2919; x_wconf 89' lang='lat' dir='ltr'><strong>iam</strong></span> <span class='ocrx_word' id='word_1_260' title='bbox 430 2869 492 2919; x_wconf 92' lang='lat' dir='ltr'><strong>tum</strong></span> <span class='ocrx_word' id='word_1_261' title='bbox 503 2863 622 2955; x_wconf 81' lang='lat' dir='ltr'><strong>gessisse</strong></span> <span class='ocrx_word' id='word_1_262' title='bbox 632 2882 685 2939; x_wconf 87' lang='lat' dir='ltr'><strong>pro</strong></span> <span class='ocrx_word' id='word_1_263' title='bbox 700 2863 768 2933; x_wconf 90' lang='lat' dir='ltr'><strong>cive,</strong></span> <span class='ocrx_word' id='word_1_264' title='bbox 778 2863 814 2919; x_wconf 89' lang='lat' dir='ltr'><strong>iis</strong></span> <span class='ocrx_word' id='word_1_265' title='bbox 824 2870 932 2954; x_wconf 83' lang='lat' dir='ltr'><strong>tempo-</strong></span> 
     </span>
     <span class='ocr_line' id='line_1_36' title="bbox 95 2940 933 3032; baseline 0.002 -36"><span class='ocrx_word' id='word_1_266' title='bbox 95 2940 180 3032; x_wconf 85' lang='lat' dir='ltr'><strong>ribus,</strong></span> <span class='ocrx_word' id='word_1_267' title='bbox 192 2961 276 3018; x_wconf 88' lang='lat' dir='ltr'><strong>quem</strong></span> <span class='ocrx_word' id='word_1_268' title='bbox 287 2949 319 2999; x_wconf 93' lang='lat' dir='ltr'><strong>tu</strong></span> <span class='ocrx_word' id='word_1_269' title='bbox 334 2942 491 2998; x_wconf 89' lang='lat' dir='ltr'><strong>criminaris</strong></span> <span class='ocrx_word' id='word_1_270' title='bbox 505 2961 541 2998; x_wconf 91' lang='lat' dir='ltr'><strong>ne</strong></span> <span class='ocrx_word' id='word_1_271' title='bbox 555 2943 644 3018; x_wconf 89' lang='lat' dir='ltr'><strong>ipsius</strong></span> <span class='ocrx_word' id='word_1_272' title='bbox 656 2942 770 3018; x_wconf 90' lang='lat' dir='ltr'><strong>quidem</strong></span> <span class='ocrx_word' id='word_1_273' title='bbox 782 2942 910 2999; x_wconf 91' lang='lat' dir='ltr'><strong>iudicio</strong></span> <span class='ocrx_word' id='word_1_274' title='bbox 902 2961 933 2998; x_wconf 93' lang='lat' dir='ltr'><strong>1n</strong></span> 
     </span>
     <span class='ocr_line' id='line_1_37' title="bbox 95 3021 933 3089; baseline 0 -13"><span class='ocrx_word' id='word_1_275' title='bbox 95 3021 199 3077; x_wconf 90' lang='lat' dir='ltr'><strong>civium</strong></span> <span class='ocrx_word' id='word_1_276' title='bbox 215 3021 298 3078; x_wconf 85' lang='lat' dir='ltr'><strong>Rern</strong></span> <span class='ocrx_word' id='word_1_277' title='bbox 293 3040 410 3077; x_wconf 89' lang='lat' dir='ltr'><strong>morum</strong></span> <span class='ocrx_word' id='word_1_278' title='bbox 425 3022 485 3078; x_wconf 89' lang='lat' dir='ltr'><strong>iure</strong></span> <span class='ocrx_word' id='word_1_279' title='bbox 502 3040 561 3078; x_wconf 90' lang='lat' dir='ltr'><strong>esse</strong></span> <span class='ocrx_word' id='word_1_280' title='bbox 578 3029 728 3089; x_wconf 84' lang='lat' dir='ltr'><strong>versatum,</strong></span> <span class='ocrx_word' id='word_1_281' title='bbox 741 3028 769 3078; x_wconf 92' lang='lat' dir='ltr'><strong>et</strong></span> <span class='ocrx_word' id='word_1_282' title='bbox 783 3028 933 3078; x_wconf 87' lang='lat' dir='ltr'><strong>testamen</strong></span> 
     </span>
     <span class='ocr_line' id='line_1_38' title="bbox 95 3066 933 3176; baseline 0 -20"><span class='ocrx_word' id='word_1_283' title='bbox 95 3108 156 3156; x_wconf 86' lang='lat' dir='ltr'><strong>turn</strong></span> <span class='ocrx_word' id='word_1_284' title='bbox 179 3121 261 3175; x_wconf 90' lang='lat' dir='ltr'><strong>saepe</strong></span> <span class='ocrx_word' id='word_1_285' title='bbox 283 3101 353 3158; x_wconf 90' lang='lat' dir='ltr'><strong>fecit</strong></span> <span class='ocrx_word' id='word_1_286' title='bbox 372 3101 475 3157; x_wconf 89' lang='lat' dir='ltr'><strong>nostris</strong></span> <span class='ocrx_word' id='word_1_287' title='bbox 496 3100 606 3176; x_wconf 81' lang='lat' dir='ltr'><strong>legibus</strong></span> <span class='ocrx_word' id='word_1_288' title='bbox 627 3108 655 3157; x_wconf 89' lang='lat' dir='ltr'><strong>et</strong></span> <span class='ocrx_word' id='word_1_289' title='bbox 674 3066 745 3156; x_wconf 88' lang='lat' dir='ltr'><strong>adiit</strong></span> <span class='ocrx_word' id='word_1_290' title='bbox 764 3100 933 3157; x_wconf 89' lang='lat' dir='ltr'><strong>hereditates</strong></span> 
     </span>
     <span class='ocr_line' id='line_1_39' title="bbox 79 3177 934 3239; baseline 0.009 -13"><span class='ocrx_word' id='word_1_291' title='bbox 79 3177 188 3232; x_wconf 78' lang='lat' dir='ltr'><strong>civium</strong></span> <span class='ocrx_word' id='word_1_292' title='bbox 207 3180 412 3238; x_wconf 81' lang='lat' dir='ltr'><strong>Romanorum</strong></span> <span class='ocrx_word' id='word_1_293' title='bbox 429 3181 504 3239; x_wconf 90' lang='lat' dir='ltr'><strong>etin</strong></span> <span class='ocrx_word' id='word_1_294' title='bbox 519 3179 666 3238; x_wconf 83' lang='lat' dir='ltr'><strong>beneficiis</strong></span> <span class='ocrx_word' id='word_1_295' title='bbox 682 3180 720 3236; x_wconf 88' lang='lat' dir='ltr'><strong>ad</strong></span> <span class='ocrx_word' id='word_1_296' title='bbox 734 3179 872 3235; x_wconf 82' lang='lat' dir='ltr'><strong>aerarium</strong></span> <span class='ocrx_word' id='word_1_297' title='bbox 888 3179 934 3235; x_wconf 89' lang='lat' dir='ltr'><strong>de-</strong></span> 
     </span>
    </p>
   </div>
   <div class='ocr_carea' id='block_1_3' title="bbox 0 0 999 3480">
    <p class='ocr_par' dir='ltr' id='par_1_3' title="bbox 0 0 999 3480">
     <span class='ocr_line' id='line_1_40' title="bbox 0 0 999 3480; baseline 0 0"><span class='ocrx_word' id='word_1_298' title='bbox 0 0 999 3480; x_wconf 95' lang='lat' dir='ltr'><strong> </strong></span> 
     </span>
    </p>
   </div>
  </div>
 </body>
</html>
