1988 3480
58 133 108 180 274
139 131 176 179 m
195 130 231 180 u.
248 110 441 182 Aurommu
459 132 593 183 enarro
610 131 832 183 rmmrrrca
850 137 884 184 u.

60 232 113 288 tim
129 231 257 308 posthac,
270 231 340 288 mihi
356 232 495 303 credend
508 232 563 290 lroc
578 252 651 310 epus
668 241 802 291 curretur
816 255 908 313 noque

59 312 217 369 occasionis
232 312 350 369 tarditas
364 313 580 390 exspectabitur.
658 319 661 323 ’

101 392 229 469 llcspicc,
242 412 356 469 quaese,
369 393 522 470 aliquando
540 413 598 449 rem
620 391 778 469 publicam,
796 394 838 452 M.
852 396 910 452 Au-

60 472 141 528 toni:
168 472 273 549 quibus
297 481 376 530 ortus
400 475 447 543 sis,
462 493 519 530 non
539 473 712 550 quibuscum
735 474 820 530 vivas
845 496 911 532 eon-

60 551 170 609 sidcra:
200 572 321 624 mecum,
336 561 369 610 ut
390 554 483 611 voles:
509 553 569 610 redi
593 572 659 610 eum
684 572 714 609 re
736 553 861 630 publiea
882 557 911 611 in

60 633 190 708 gratiam.
237 634 294 690 Sed
317 633 353 689 de
378 641 406 690 te
430 641 463 690 tu
486 632 608 690 videris:
630 652 685 708 ego
708 632 746 690 de
772 653 823 691 me
847 635 911 712 ipso

61 711 223 788 profitebor.
266 712 394 770 Defeudi
414 732 473 770 rem
495 712 637 789 publicam
658 712 839 785 adolescens,
853 735 912 771 nou

61 791 188 848 deseram
216 811 321 849 senex:
351 793 511 870 contempsi
535 791 675 849 Catilinae
702 792 829 868 gladios,
852 815 911 850 nen

61 873 260 948 pertimescam
277 880 351 929 tuos
390 871 575 940 Quinetiam
596 891 699 949 eorpus
715 871 846 930 libenter
864 875 913 931 ob

62 951 185 1021 tulerim,
196 953 219 1008 si
236 952 440 1029 repraesentari
457 959 549 1009 morte
565 971 629 1009 mea
645 951 764 1009 libertas
782 954 912 1011 civitatis

62 1040 173 1108 potest:
199 1037 263 1088 119.
279 1037 312 1088 ut
328 1031 483 1108 aliquando
499 1032 583 1090 dolor
598 1031 699 1108 populi
714 1031 847 1090 Romani
864 1054 912 1111 pa-

63 1111 124 1180 riat,
138 1111 215 1187 quod
232 1111 289 1168 iam
310 1111 361 1168 diu
378 1112 518 1188 parturit!
560 1112 675 1169 Etenim
693 1112 717 1168 si
734 1112 846 1170 abhinc
864 1135 912 1170 an-

62 1210 115 1248 nos
131 1210 221 1268 prope
238 1191 341 1267 viginti
358 1191 413 1248 hoc
434 1191 498 1268 ipso
519 1193 548 1248 in
569 1191 678 1269 templo
700 1194 806 1268 negavi
823 1213 912 1270 posse

62 1280 185 1329 mortem
213 1272 396 1329 immaturam
420 1291 481 1328 esse
508 1270 657 1341 consulari,
678 1280 790 1348 quanto
813 1275 912 1331 verius

63 1371 138 1409 nunc
153 1352 264 1429 negabo
279 1353 360 1409 senil
394 1351 467 1408 Mihi
478 1371 553 1422 vero,
563 1358 658 1429 patres
672 1352 841 1428 conscripti,
853 1354 911 1410 iam

61 1433 148 1488 etiam
175 1432 302 1509 optanda
322 1452 399 1489 mors
423 1437 474 1502 est,
489 1432 642 1507 perfuncto
664 1430 749 1487 rebus
771 1433 816 1503 iis,
836 1453 912 1510 quas

61 1511 184 1588 adeptus
200 1532 263 1569 sum
280 1531 407 1590 quasque
423 1512 506 1588 gessi.
548 1511 616 1568 Duo
630 1510 719 1567 medo
736 1511 809 1569 haec
826 1521 910 1590 opto,

63 1610 161 1661 unum,
174 1600 206 1648 ut
220 1594 345 1650 moriens
359 1592 499 1669 populum
510 1591 674 1648 Romanum
685 1591 810 1648 liberum
826 1593 913 1649 relin-

63 1671 245 1747 quam—hoe
268 1673 340 1729 mihi
362 1673 453 1729 maius
478 1671 514 1728 ab
539 1671 584 1728 dis
608 1670 822 1729 immortalibus
847 1673 912 1730 dari

63 1750 134 1806 nihil
149 1753 414 1827 potest—alterum,
427 1760 460 1836 ut
473 1753 514 1811 ita
528 1753 630 1832 cuique
644 1751 765 1823 eveniat,
778 1759 813 1810 ut
828 1752 866 1810 de
881 1772 912 1811 re

62 1830 179 1907 publica
193 1831 312 1910 quisque
326 1840 475 1891 mereatur.
