1988 3480
200 115 591 176 cAP.Xxxvl1.-xxxlx.,
609 114 623 173 ἓ
637 117 735 163 95-100
847 119 896 166 267

55 220 134 278 buas.
177 220 278 297 Neque
293 220 369 276 euim
384 218 449 295 plus
464 237 549 296 quam
564 222 622 274 tres
638 223 689 274 aut
705 224 841 294 quattuor
856 238 897 276 re

59 300 128 377 liqui
150 307 223 356 sunt.
266 299 323 367 Qui
344 298 431 355 simili
452 298 482 354 in
504 297 664 354 calamitate
685 304 759 369 sunt,
776 317 825 355 eur
847 304 897 356 tua

57 378 251 437 misericordia
270 398 330 436 non
347 377 434 435 simili
454 377 607 435 fruunturl
628 397 743 434 eureos
761 377 850 435 habes
865 379 896 435 in

57 459 120 516 loco
132 459 244 535 patruit
265 459 300 516 de
315 460 372 534 quo
386 458 468 528 ferre,
481 477 546 514 cum
560 457 596 514 de
610 456 726 533 reliquis
739 457 835 527 ferres
848 478 898 515 no-

57 538 152 596 luisti:
175 557 260 615 quom
274 537 360 595 etiam
374 537 411 595 ad
422 557 568 594 censuram
580 538 733 613 petendam
748 537 897 614 impulisti,

57 638 177 696 eamque
198 619 368 695 petitionem
389 618 568 694 comparasti,
582 636 654 693 quae
670 624 700 674 ct
716 617 789 673 risus
806 617 898 674 homi-

57 718 127 756 uum
142 705 171 755 et
185 697 321 774 querellas
334 704 469 754 moveret.
504 701 549 753 99.
563 696 621 753 Cur
632 703 726 753 autem
738 717 771 754 ea
781 697 899 754 comitia

58 798 117 836 non
130 777 275 835 habuistil
295 797 331 834 an
346 777 413 854 quia
428 776 561 833 tribunus
575 776 667 852 plebis
684 777 830 834 sinistrum
844 777 899 835 ful-

57 878 124 916 men
145 856 313 915 nuntiabat?
353 856 428 914 Cum
449 863 499 914 tua
516 856 586 933 quid
602 857 728 927 interest,
743 856 825 914 nulla
838 877 899 914 aus-

58 939 134 1016 picia
148 944 231 996 sunt:
253 957 319 994 cum
335 944 460 1007 tuorum,
472 943 536 993 tum
553 935 586 993 fis
602 935 759 1013 religiosus.
803 936 899 1005 Quidl

59 1018 191 1076 eumdem
209 1018 239 1074 in
253 1017 456 1094 septemviratu
473 1035 569 1074 nonne
583 1016 759 1074 destituisti?
779 1016 899 1074 interve-

58 1099 103 1155 nit
119 1099 204 1168 euim,
217 1098 262 1159 cui
280 1097 416 1165 metuisti,
429 1096 522 1167 eredo,
535 1116 571 1154 ne
590 1096 667 1154 salvo
685 1097 778 1174 capite
794 1115 899 1173 negare

58 1197 230 1255 nonposses
259 1177 473 1236 Omnibuseum
484 1176 664 1235 contumeliis
674 1177 805 1247 onerasti,
814 1196 899 1254 quem

59 1260 147 1335 patris
162 1258 235 1328 loco,
247 1259 271 1314 si
288 1257 347 1314 ulla
363 1258 393 1313 iu
410 1263 439 1313 te
456 1257 548 1333 pietas
565 1263 646 1327 esset,
658 1257 749 1313 colere
766 1256 897 1313 debebas

60 1338 160 1395 Filiam
182 1338 250 1408 cius,
269 1356 395 1394 sororem
416 1343 504 1407 tuam,
520 1336 637 1407 eiecisti,
655 1336 710 1393 alia
731 1336 900 1393 condicione

60 1418 188 1493 quaesita
208 1424 237 1474 ct
253 1424 319 1474 ante
338 1422 497 1493 prospecta.
533 1415 601 1472 Non
621 1423 665 1474 est
682 1417 758 1473 satis.
796 1415 900 1474 Probri

60 1497 231 1554 insimulasti
248 1496 464 1574 pudicissimam
480 1496 627 1553 feminam.
670 1494 748 1565 Quid
764 1496 900 1574 estquod

61 1577 128 1634 addi
149 1577 258 1654 possiti
282 1584 434 1634 contentus
455 1595 489 1633 eo
510 1595 569 1633 non
590 1574 680 1633 fuisti.
722 1576 901 1653 Frequentis-

61 1657 135 1713 simo
152 1664 251 1714 senatu
267 1656 406 1713 Kalendis
422 1655 565 1713 Januariis
579 1656 695 1713 sedente
709 1664 811 1732 patruo
826 1656 900 1713 hanc

60 1736 115 1793 tibi
130 1756 190 1794 esse
204 1756 270 1794 cum
283 1735 434 1794 Dolabella
447 1755 560 1792 causam
578 1736 637 1793 odii
652 1736 745 1793 dicere
759 1755 844 1793 ausus
860 1754 899 1804 es,

62 1816 141 1894 quod
157 1816 193 1873 ab
213 1836 247 1874 eo
269 1817 358 1874 sorori
380 1823 408 1872 ct
429 1816 511 1872 uxori
531 1823 597 1873 tuac
619 1823 749 1892 stuprum
771 1815 898 1873 oblatum

62 1916 122 1954 csse
132 1896 324 1973 comperisses.
361 1895 433 1963 Quis
443 1895 623 1972 interpretari
637 1902 742 1972 potest,
752 1896 900 1972 impudcu

61 1977 162 2048 tiorne,
178 1977 226 2053 qui
243 1977 273 2032 in
295 1982 403 2046 senatu,
419 1994 455 2032 an
476 1975 642 2052 improbior,
651 1975 703 2052 'qui
721 1976 751 2032 iu
768 1974 899 2032 Dolabel·

60 2057 126 2126 lam,
141 2076 177 2113 au
198 2057 346 2133 impurior,
362 2056 411 2132 qui
433 2062 513 2132 patre
534 2056 676 2127 audiente,
692 2075 728 2112 an
750 2055 899 2124 crudelior,

62 2138 110 2213 qui
127 2137 156 2192 in
171 2137 248 2193 illam
259 2137 392 2192 miseram
407 2142 465 2192 tam
481 2155 589 2212 spurce,
600 2143 660 2192 tam
675 2135 764 2213 impie
778 2135 901 2192 dixeris?

62 2215 206 2273 XXXIX.
233 2221 298 2272 100.
312 2215 370 2272 Sed
380 2215 417 2271 ad
427 2215 617 2291 chirographa
629 2215 786 2272 redeamus.
821 2214 901 2282 Quae

62 2302 112 2351 tua
127 2295 185 2350 fuit
205 2295 352 2370 cognitio?
393 2294 468 2350 Acta
484 2295 561 2364 euim
578 2294 706 2351 Caesaris
723 2294 801 2371 pacis
817 2312 902 2350 causa

63 2373 229 2430 confirmata
245 2380 312 2430 sunt
328 2393 345 2430 a
359 2380 475 2430 senatu:
498 2393 568 2449 quae
583 2373 700 2449 quidem
714 2373 818 2431 Caesar
831 2374 902 2450 egis-

63 2461 113 2524 set,
126 2473 184 2510 uon
202 2472 326 2530 eaquae
343 2453 434 2529 egisse
449 2452 597 2510 Caesarem
615 2453 733 2511 dixisset
747 2452 899 2510 Antonius

63 2533 150 2591 Unde
165 2534 219 2590 ista
232 2534 405 2608 erumpunt?
426 2551 483 2609 quo
498 2539 612 2589 auctore
626 2532 829 2609 proferuntur?
870 2531 902 2589 si

64 2622 130 2670 sunt
143 2613 223 2682 falsa,
236 2632 285 2670 cur
299 2612 475 2690 probantur?
496 2612 519 2668 si
534 2631 606 2681 vera,
619 2631 669 2669 cur
682 2613 823 2669 veneuntl
860 2612 902 2668 At

63 2694 102 2750 sic
120 2693 263 2769 placuerat
278 2700 310 2749 ut
327 2712 360 2749 cx
375 2691 514 2749 Kalendis
527 2691 617 2748 Iuniis
635 2692 670 2749 de
687 2691 815 2750 Caesaris
832 2691 903 2748 actis

63 2792 127 2829 cum
149 2773 268 2830 consilio
290 2772 506 2848 cognosceretis.
549 2771 634 2839 Quod
655 2772 712 2829 fuit
733 2771 902 2829 consilium?

64 2873 147 2929 quem
163 2872 299 2929 umquam
317 2851 480 2909 advocastil
502 2871 571 2928 quas
585 2850 729 2909 Kalendas
744 2851 841 2908 Iunias
857 2870 903 2908 ex·

64 2933 215 3009 spectasti?
236 2952 271 2988 au
290 2951 344 3001 cas,
356 2931 393 2988 ad
408 2950 477 3008 quas
491 2938 520 2988 te
534 2932 691 3007 peragratis
704 2938 902 2988 veteranorum

63 3013 182 3079 coloniis
197 3013 335 3088 stipatum
350 3011 435 3068 armis
449 3011 603 3068 rettulisti?

103 3093 129 3150 Ο
150 3092 321 3169 praeclaram
344 3091 421 3147 illam
442 3091 683 3167 percursationem
704 3097 788 3148 tuam
804 3108 911 3143 mense,

63 3171 156 3249 Aprili
181 3180 266 3250 atque
291 3171 379 3243 Maio,
393 3177 469 3243 tum,
484 3191 554 3229 cum
578 3171 672 3232 etiarn
689 3168 836 3238 Capuam
854 3157 934 3209 sexs-
