1988 3480
337 133 414 184 CAP.
432 135 465 194 1.,
482 135 529 195 ΙΙ.,
546 136 630 196 §1-3.
874 137 905 184 79

66 242 125 294 tam
136 237 177 292 rei
188 235 318 312 publicae
329 235 453 312 dignitas
467 236 600 313 postulat,
609 236 686 293 idcm
702 255 755 312 ego
770 255 833 293 sum
844 256 905 313 pre

66 322 153 386 catus
166 322 199 372 ut
216 315 256 372 eis
277 334 391 392 quoque
407 315 580 387 hominibus,
593 316 696 392 quibus
715 315 761 373 hic
778 316 905 374 consula-

65 403 112 453 tus
122 416 169 452 me
180 401 299 470 rogante
310 395 394 452 datus
404 402 485 466 esset,
498 415 531 452 ea
544 416 587 452 res
598 397 699 466 fauste,
710 395 831 452 feliciter
842 416 905 472 pro

67 495 203 552 speroque
218 475 350 532 eveniret.
393 482 419 532 2.
436 475 515 543 Quae
532 495 597 532 cum
614 475 655 533 ita
669 476 734 546 sint,
747 475 863 547 iudices
875 484 905 534 et

66 575 132 612 cum
150 556 243 611 omnis
257 556 376 611 deorum
391 555 595 612 immortalium
611 561 737 631 potestas
753 562 803 612 aut
816 562 905 614 trans·

66 635 123 691 lata
147 635 184 692 sit
208 635 244 691 ad
269 654 319 691 vos
343 643 393 692 aut
417 641 492 691 certe
516 635 727 692 communicata
747 635 902 708 vobiscum,

45 773 48 779 ,
65 715 143 771 idem
164 715 263 772 consul
280 715 425 771 consulem
439 722 548 771 vestrae
564 714 632 770 fidei
648 714 838 785 commendat,
855 717 904 792 qui

65 801 149 851 autea
162 795 207 851 dis
220 794 430 852 immortalibus
441 793 660 864 commendavit,
670 802 703 851 ut
717 794 844 851 ciusdem
855 794 905 852 ho-

65 875 151 931 minis
167 894 236 932 voce
254 882 283 932 ct
303 874 460 933 declaratus
479 874 578 931 consul
600 881 629 931 et
650 874 785 932 defensus
801 873 904 932 benefi-

66 955 141 1011 cium
156 955 256 1031 populi
273 955 395 1013 Romani
417 974 483 1012 cum
500 961 593 1012 vestra
613 961 699 1031 atque
720 954 850 1011 omnium
867 955 904 1011 ci·

65 1034 143 1091 vium
158 1035 248 1092 salute
261 1042 381 1092 tueatur.
431 1035 469 1092 Et
484 1035 619 1111 quoniam
635 1034 665 1091 in
676 1034 731 1091 hoc
743 1033 837 1090 officio
847 1041 905 1091 stu-

66 1114 146 1171 dium
160 1134 239 1172 meae
250 1115 425 1173 defensionis
439 1115 475 1172 ab
490 1114 702 1172 accusatoribus
716 1121 802 1190 atque
816 1114 903 1172 etiam

65 1195 126 1270 ipsa
143 1196 284 1272 susceptio
302 1215 402 1253 causae
418 1195 587 1271 reprehensa
604 1201 654 1265 cst,
667 1202 733 1251 ante
751 1213 836 1270 quam
851 1214 903 1270 pro

65 1274 95 1330 L.
107 1274 225 1332 Murena
238 1275 331 1332 dicere
348 1276 477 1346 instituo,
489 1294 541 1351 pro
556 1293 603 1331 me
617 1275 680 1350 ipso
695 1292 786 1349 pauca
800 1273 902 1345 dicam,

65 1373 122 1410 non
138 1374 194 1430 quo
209 1355 282 1411 mihi
296 1356 392 1430 potior
405 1355 460 1411 hoc
475 1354 591 1430 quidem
605 1354 635 1411 in
649 1361 779 1430 tempore
793 1353 831 1409 sit
845 1352 904 1410 offi-

65 1433 101 1489 cii
110 1435 168 1490 mei
177 1452 262 1510 quam
271 1434 388 1490 huiusce
397 1434 495 1491 salutis
503 1434 640 1504 defensio,
650 1433 699 1490 sed
710 1439 742 1489 ut
751 1451 815 1490 meo
825 1433 903 1490 facto

65 1512 146 1568 vobis
167 1513 288 1589 probato
309 1514 416 1570 maiore
437 1513 606 1570 auctoritate
627 1513 662 1569 ab
679 1512 765 1569 huius
784 1512 902 1585 honore,

65 1592 144 1648 fama
157 1593 337 1669 fortunisque
355 1592 487 1649 omnibus
503 1592 685 1648 inimieorum
702 1593 827 1668 impetus
840 1611 904 1669 pro

65 1671 176 1747 pulsare
190 1672 306 1748 possim.

105 1750 143 1808 Π.
180 1759 206 1809 3.
224 1752 263 1808 Et
279 1756 405 1828 primum
420 1752 457 1809 M.
469 1751 574 1809 Catoni
588 1753 677 1809 vitam
691 1753 728 1809 ad
742 1759 848 1810 certam
862 1772 904 1810 ra-

64 1831 152 1888 tionis
176 1850 306 1888 normam
334 1831 469 1908 dirigenti
493 1839 523 1889 et
543 1831 761 1908 diligentissime
785 1851 904 1911 perpen-

65 1911 144 1968 denti
154 1918 302 1968 momenta
315 1911 474 1969 officiorum
486 1913 616 1969 omnium
627 1912 663 1970 de
677 1912 772 1970 officio
786 1931 851 1971 meo
862 1933 903 1971 re·

63 1985 219 2066 spou'debo.
262 1991 358 2068 Negat
374 1991 463 2048 fuisse
478 1998 589 2049 rectum
603 1991 677 2049 (lato
694 2012 740 2050 me
757 1999 787 2050 et
802 2012 903 2051 consu-

63 2071 120 2126 lem
134 2078 163 2128 et
174 2071 244 2147 legis
255 2071 380 2129 ambitus
390 2071 509 2129 latorem
524 2079 623 2129 ettam
638 2091 733 2130 severe
743 2080 825 2150 gesto
837 2093 903 2131 con-

63 2150 156 2208 sulatu
170 2170 283 2207 causam
298 2151 328 2208 L.
338 2151 472 2209 Murenae
487 2152 641 2228 attingere:
659 2153 739 2210 cuius
754 2153 902 2230 reprehen-

64 2231 106 2286 sio
120 2249 166 2287 me
181 2230 363 2288 vehementer
379 2238 484 2302 movet,
496 2250 554 2288 non
572 2231 664 2289 solum
681 2239 715 2289 ut
728 2233 817 2303 vobis,
830 2233 902 2290 iudi-

63 2328 117 2380 ces,
126 2310 229 2386 quibus
237 2311 361 2368 maxime
370 2311 469 2382 debeb,
477 2331 576 2368 verum
586 2313 672 2369 ctiam
681 2319 714 2368 ut
723 2313 778 2389 ipsi
787 2313 901 2383 Catoni,

63 2390 230 2465 gravissimo
242 2399 327 2467 atquc
338 2391 522 2467 integerrimo
534 2393 603 2462 viro,
613 2392 754 2448 rationem
765 2392 836 2448 facti
844 2393 901 2449 mei

63 2469 189 2544 probem.
232 2469 261 2526 A
278 2490 334 2547 quo
353 2471 478 2541 tandem,
494 2471 532 2528 M.
544 2471 625 2541 Catu,
641 2478 684 2527 est
701 2471 818 2546 aequius
837 2491 902 2527 eon—

63 2550 153 2605 sulem
174 2549 291 2607 defendi
313 2570 397 2627 quam
419 2571 436 2607 a
456 2551 589 2607 consulet
631 2550 701 2618 Quis
723 2550 796 2606 milri
817 2550 846 2606 in
871 2570 901 2607 re

63 2627 176 2704 publica
196 2636 292 2706 potest
312 2637 362 2687 aut
378 2630 463 2687 dcbct
484 2650 543 2687 esse
560 2630 747 2697 coniunctior,
760 2649 845 2706 quam
867 2631 900 2701 is,

62 2709 108 2764 cui
122 2728 166 2765 res
179 2709 293 2785 publica
307 2730 323 2765 a
336 2730 382 2766 me
397 2711 454 2766 iam
468 2710 590 2767 traditur
604 2710 777 2780 sustinenda,
789 2711 901 2786 magnis

62 2788 133 2844 meis
150 2788 293 2846 laboribus
311 2797 340 2846 et
355 2789 488 2866 periculis
510 2790 685 2846 sustentata?
727 2789 812 2857 Quod
829 2791 852 2845 si
870 2791 899 2846 in

62 2867 97 2923 iis
110 2868 195 2925 rebus
209 2869 378 2945 repetendis,
392 2889 462 2946 quae
476 2869 602 2945 mancipi
617 2876 691 2939 sunt,
704 2869 728 2925 is
742 2869 899 2946 periculum

62 2947 161 3004 iudicii
172 2955 313 3024 praestare
325 2949 418 3018 debet,
429 2949 477 3025 qui
490 2969 519 3006 sc
530 2968 604 3005 nexu
614 2948 760 3024 obligavit,
769 2950 900 3025 profecto

62 3027 148 3083 etiam
166 3029 270 3084 rectius
284 3029 313 3083 in
329 3029 435 3084 iudicio
453 3029 576 3085 consulis
593 3028 735 3104 designati
749 3029 774 3084 is
788 3028 900 3104 potissi-

61 3127 141 3162 mum
154 3107 259 3176 consul,
269 3108 318 3183 qui
333 3108 476 3164 consulem
489 3108 649 3179 declaravit,
658 3115 757 3165 auctor
770 3107 900 3165 beneficii

63 3188 163 3262 populi
188 3187 311 3243 lloumui
336 3188 527 3266 defensorque
549 3189 676 3266 periculi
698 3207 765 3244 csse
786 3186 925 3238 afflixs-
