1988 3480
319 129 397 180 cnr.
413 128 545 192 11.„V.‚§
563 133 637 181 r-re.
857 135 901 180 rar

58 231 106 288 illa
120 233 273 289 auctoritas
287 232 322 288 in·
328 231 374 288 his
385 232 526 289 maiorum
538 251 655 290 suornm
666 238 695 290 et
706 232 764 289 suis
779 232 900 290 sedibus

61 317 113 377 IV.
129 317 272 395 Equidem
293 336 358 373 cum
380 315 412 374 Ο.
425 315 558 387 Marcelli,
574 317 627 374 viri
650 313 754 394 optimi
775 323 804 374 et
825 336 899 374 eom-

61 397 239 454 memorabili
253 398 359 473 pietate
373 397 495 471 praediti
509 396 638 454 lacrimas
652 397 740 453 modo
752 396 898 455 vobiscum

61 478 196 547 viderem,
209 477 338 533 omnium
354 477 550 534 Marcellorum
565 496 662 534 meum
679 484 779 552 pectus
792 497 900 535 memo·

61 558 131 614 riam
154 557 265 626 effudit,
282 556 384 632 quibus
404 567 437 612 tu
461 557 548 613 etiam
571 556 693 612 mortuis
714 556 752 612 M.
765 555 898 614 Marcello

61 643 227 694 conservato
239 636 409 712 dignitatem
425 655 504 691 suam
519 635 669 692 reddidisti
681 636 898 693 nobilissimam-

61 736 116 793 que
143 717 283 773 familiam
305 716 361 772 iam
386 715 423 772 ad
449 734 555 792 paucos
582 715 726 772 redactam
751 734 840 791 paene
862 716 897 773 ab

61 797 178 854 interitu
203 796 360 853 vindicasti.
405 800 451 852 ll.
468 794 554 851 Hunc
575 802 607 851 tu
633 795 721 870 igitur
743 795 819 852 diem
840 797 899 853 tuis

62 876 192 932 maximis
210 882 239 933 et
255 873 508 932 innumerabilibus
524 874 763 952 gratulationibus
777 875 837 932 iure
851 895 898 932 an·

60 962 186 1031 tepones.
220 955 300 1012 Haec
320 955 397 1012 enim
417 974 462 1011 res
483 955 567 1011 unius
586 962 629 1012 est
647 955 764 1031 propria
785 955 816 1011 O.
830 954 899 1012 Cae-

61 1031 145 1092 saris:
168 1041 276 1097 ceterae
293 1035 365 1092 duce
381 1042 410 1092 te
430 1042 527 1111 gestae
547 1053 668 1111 magnae
687 1034 752 1091 illae
771 1035 896 1111 quidem,

60 1114 109 1171 sed
119 1121 215 1171 tamen
230 1114 322 1172 multo
336 1133 499 1191 magnoque
513 1114 659 1172 comitatu.
692 1114 787 1171 Huius
801 1122 898 1172 autem

59 1195 99 1251 rei
116 1201 148 1252 tu
165 1195 242 1252 idem
259 1214 288 1251 es
306 1201 335 1252 et
352 1195 409 1250 dux
424 1201 453 1251 et
467 1213 577 1252 eomes:
601 1214 672 1270 quae
688 1194 803 1270 quidem
817 1201 899 1250 tanta

59 1282 109 1345 est,
123 1281 155 1331 ut
173 1275 197 1331 si
218 1274 276 1331 ulla
291 1274 415 1350 tropaeis
436 1280 465 1330 et
481 1273 675 1330 monumentis
692 1274 750 1330 tuis
771 1274 898 1330 adlatura

59 1353 145 1410 finem
163 1353 200 1410 sit
214 1352 402 1410 aetas—nihil
418 1360 460 1409 est
477 1353 553 1409 enim
571 1372 656 1429 opere
674 1359 722 1409 aut
736 1371 824 1409 manu
841 1353 898 1410 iac-

59 1440 130 1501 tum,
148 1432 226 1508 quod
242 1452 300 1488 non
322 1432 474 1509 aliquando
496 1431 628 1488 conficiat
645 1440 674 1488 et
690 1439 839 1488 consumat
853 1451 898 1488 ve

59 1517 245 1569 tustas-lt.
264 1518 293 1568 at
317 1511 386 1568 haec
411 1519 461 1568 tua
483 1511 594 1568 iustitia
618 1518 647 1568 et
671 1511 772 1568 lenitas
800 1512 896 1582 animi,

60 1590 190 1648 florescat
204 1591 310 1648 cotidie
324 1592 423 1667 magis,
436 1592 477 1647 ita
490 1597 523 1648 nt
537 1597 675 1667 quantum
690 1591 748 1647 tuis
765 1591 898 1667 operibus

60 1670 233 1727 diuturnitas
254 1670 391 1741 detrahet,
406 1677 519 1727 tantum
544 1671 655 1727 adferat
679 1670 817 1727 laudibus
860 1670 898 1728 Et

60 1757 169 1806 ceteros
181 1749 297 1827 quidem
308 1769 407 1807 omnes
417 1750 538 1807 victores
549 1750 688 1807 bellomm
703 1749 828 1807 civilium
841 1751 897 1807 iam

60 1836 126 1886 ante
140 1830 283 1907 aequitate
294 1837 322 1887 et
332 1829 527 1887 misericordia
536 1830 658 1887 viceras:
680 1829 820 1887 hodierno
831 1849 897 1887 vero

61 1909 156 1966 dicte
178 1910 394 1986 ipsumssvicisti.
431 1909 541 1968 Vereor
561 1916 593 1967 ut
615 1909 678 1981 hoc,
695 1910 772 1986 quod
795 1903 896 1983 dicam,

60 1989 178 2065 perinde
195 1989 317 2067 intelligi
334 1989 425 2066 possit
441 1989 572 2046 auditum
589 1995 674 2067 atque
691 1989 752 2065 ipse
769 1990 898 2067 cogitans

60 2069 169 2127 sentio:
192 2069 282 2146 ipsam
294 2069 443 2126 victoriam
458 2069 558 2127 vicisse
569 2069 682 2140 videris,
693 2089 758 2127 cum
773 2088 813 2140 ea,
826 2089 898 2146 quae

59 2149 108 2206 illa
128 2155 187 2206 erat
208 2148 319 2226 adepta,
336 2149 418 2206 victis
440 2149 581 2206 remisisti.
625 2148 699 2206 Nam
723 2168 788 2206 cum
808 2150 898 2226 ipsius

60 2229 195 2285 victoriae
216 2229 384 2286 condicione
406 2248 505 2285 omnes
527 2229 595 2286 victi
618 2229 828 2299 occidissemus,
846 2229 899 2285 cle·

60 2308 183 2364 montiae
198 2314 263 2364 tuae
277 2307 384 2364 iudicio
398 2309 557 2365 conservati
567 2327 672 2365 snmus
708 2308 796 2365 Recte
810 2309 899 2384 igitur

62 2405 134 2442 unus
145 2387 268 2443 invictus
279 2406 316 2458 ea,
327 2406 344 2443 a
358 2406 415 2464 quo
426 2387 512 2444 etiam
523 2387 612 2464 ipsius
621 2387 756 2444 victoriae
767 2387 898 2444 condicio

61 2466 159 2542 visque
174 2466 285 2522 devicta
298 2473 348 2523 est.

101 2545 137 2603 V.
177 2551 221 2602 13.
240 2544 337 2623 Atque
362 2546 417 2604 hoe
442 2545 474 2603 C.
491 2545 618 2603 Caesaris
642 2545 789 2612 iudicium,
803 2552 899 2621 patres

61 2624 223 2701 conscripti,
235 2645 320 2701 quam
336 2626 393 2683 late
409 2633 506 2702 pateat
523 2625 677 2682 attendite:
697 2644 796 2682 omnes
813 2626 898 2696 enirn,

63 2704 112 2780 qui
129 2704 165 2761 ad
179 2704 228 2761 illa
244 2724 323 2762 arma
337 2706 398 2762 fato
416 2725 513 2762 sumus
530 2705 625 2761 nescio
641 2723 698 2781 quo
715 2705 755 2761 rei
769 2704 899 2781 publicae

62 2784 166 2840 misero
183 2784 355 2862 funestoque
376 2785 525 2861 compulsi,
535 2784 589 2842 etsi
609 2784 705 2860 aliqua
725 2784 809 2861 culpa
823 2791 899 2842 tene·

63 2883 127 2919 mur
143 2864 245 2920 erroris
265 2864 392 2935 humani,
405 2871 434 2921 at
451 2863 554 2921 scelere
573 2871 648 2921 certe
664 2864 776 2921 liberati
793 2883 897 2921 sumus.

63 2942 139 2999 Nam
153 2962 219 2999 cum
230 2943 268 3001 M.
280 2944 443 3001 Marcellum
455 2942 673 3020 deprecantibus
684 2943 765 3000 vobis
778 2944 819 3000 rei
829 2938 899 3018 pub-

63 3022 133 3079 licae
155 3023 339 3094 conservavit,
354 3042 401 3080 me
422 3023 541 3080 etmihi
563 3029 592 3079 et
608 3023 678 3079 item
699 3024 740 3079 rei
760 3022 898 3099 publicae,

62 3102 141 3160 nullo
159 3103 337 3179 deprecante,
352 3102 476 3180 reliquos
497 3101 693 3178 amplissimos
705 3103 789 3157 siros
806 3110 842 3183 a}
852 3101 920 3150 snos

60 3181 139 3260 ipsos
154 3188 183 3242 et
194 3182 306 3262 patriae
321 3182 471 3244 reddidit:
494 3201 626 3261 quorum
641 3187 676 3236 et
685 3179 899 3249 insequentem
909 3170 946 3212 s&
