<?xml version="1.0" encoding="UTF-8"?>
<!DOCTYPE html PUBLIC "-//W3C//DTD XHTML 1.0 Transitional//EN"
    "http://www.w3.org/TR/xhtml1/DTD/xhtml1-transitional.dtd">
<html xmlns="http://www.w3.org/1999/xhtml" xml:lang="en" lang="en">
 <head>
  <title>
</title>
<meta http-equiv="Content-Type" content="text/html;charset=utf-8" />
  <meta name='ocr-system' content='tesseract 3.04.00' />
  <meta name='ocr-capabilities' content='ocr_page ocr_carea ocr_par ocr_line ocrx_word'/>
</head>
<body>
  <div class='ocr_page' id='page_1' title='image "./mtulliiciceroni32cicegoog_0165.png"; bbox 0 0 1988 3480; ppageno 0'>
   <div class='ocr_carea' id='block_1_1' title="bbox 85 120 785 173">
    <p class='ocr_par' dir='ltr' id='par_1_1' title="bbox 85 120 785 173">
     <span class='ocr_line' id='line_1_1' title="bbox 85 120 785 173; baseline -0.007 0"><span class='ocrx_word' id='word_1_1' title='bbox 85 124 134 173; x_wconf 78' lang='lat' dir='ltr'>lto</span> <span class='ocrx_word' id='word_1_2' title='bbox 222 121 293 172; x_wconf 83' lang='lat' dir='ltr'>PRO</span> <span class='ocrx_word' id='word_1_3' title='bbox 310 121 342 171; x_wconf 85' lang='grc' dir='ltr'>Τ.</span> <span class='ocrx_word' id='word_1_4' title='bbox 356 121 471 171; x_wconf 83' lang='lat' dir='ltr'><strong>ANNIO</strong></span> <span class='ocrx_word' id='word_1_5' title='bbox 488 121 627 172; x_wconf 78' lang='lat' dir='ltr'>MILONE</span> <span class='ocrx_word' id='word_1_6' title='bbox 645 120 785 170; x_wconf 74' lang='lat' dir='ltr'><strong>(IIIA&#39;I&#39;IO.</strong></span> 
     </span>
    </p>
   </div>
   <div class='ocr_carea' id='block_1_2' title="bbox 24 222 937 3248">
    <p class='ocr_par' dir='ltr' id='par_1_2' title="bbox 24 222 937 3248">
     <span class='ocr_line' id='line_1_2' title="bbox 24 222 924 298; baseline 0 -17"><span class='ocrx_word' id='word_1_7' title='bbox 24 253 25 257; x_wconf 39' lang='lat'>1</span> <span class='ocrx_word' id='word_1_8' title='bbox 84 222 191 293; x_wconf 80' lang='lat' dir='ltr'>audaci,</span> <span class='ocrx_word' id='word_1_9' title='bbox 203 229 263 279; x_wconf 86' lang='lat' dir='ltr'>tam</span> <span class='ocrx_word' id='word_1_10' title='bbox 277 222 387 279; x_wconf 85' lang='lat' dir='ltr'>nefaria</span> <span class='ocrx_word' id='word_1_11' title='bbox 396 222 481 279; x_wconf 88' lang='lat' dir='ltr'>belua</span> <span class='ocrx_word' id='word_1_12' title='bbox 494 222 603 293; x_wconf 89' lang='lat' dir='ltr'>docere,</span> <span class='ocrx_word' id='word_1_13' title='bbox 613 242 747 298; x_wconf 74' lang='lat' dir='ltr'>maguam</span> <span class='ocrx_word' id='word_1_14' title='bbox 762 223 787 279; x_wconf 91' lang='lat' dir='ltr'>ci</span> <span class='ocrx_word' id='word_1_15' title='bbox 798 242 924 296; x_wconf 84' lang='lat' dir='ltr'>eausam,</span> 
     </span>
     <span class='ocr_line' id='line_1_3' title="bbox 83 302 926 380; baseline 0.004 -21"><span class='ocrx_word' id='word_1_16' title='bbox 83 321 216 377; x_wconf 74' lang='lat' dir='ltr'>magnam</span> <span class='ocrx_word' id='word_1_17' title='bbox 231 321 312 378; x_wconf 90' lang='lat' dir='ltr'>spem</span> <span class='ocrx_word' id='word_1_18' title='bbox 326 303 355 359; x_wconf 93' lang='lat' dir='ltr'>in</span> <span class='ocrx_word' id='word_1_19' title='bbox 371 302 486 358; x_wconf 83' lang='lat' dir='ltr'>Milonis</span> <span class='ocrx_word' id='word_1_20' title='bbox 499 310 592 358; x_wconf 90' lang='lat' dir='ltr'>morte</span> <span class='ocrx_word' id='word_1_21' title='bbox 606 303 791 379; x_wconf 81' lang='lat' dir='ltr'>propositam,</span> <span class='ocrx_word' id='word_1_22' title='bbox 804 323 926 380; x_wconf 77' lang='lat' dir='ltr'>magnas</span> 
     </span>
     <span class='ocr_line' id='line_1_4' title="bbox 83 381 926 459; baseline 0.001 -20"><span class='ocrx_word' id='word_1_23' title='bbox 83 381 223 439; x_wconf 80' lang='lat' dir='ltr'>utilitates</span> <span class='ocrx_word' id='word_1_24' title='bbox 241 382 338 439; x_wconf 86' lang='lat' dir='ltr'>fuisse.</span> <span class='ocrx_word' id='word_1_25' title='bbox 381 381 482 459; x_wconf 89' lang='lat' dir='ltr'>Itaque</span> <span class='ocrx_word' id='word_1_26' title='bbox 502 381 573 438; x_wconf 92' lang='lat' dir='ltr'>illud</span> <span class='ocrx_word' id='word_1_27' title='bbox 594 384 769 452; x_wconf 81' lang='lat' dir='ltr'>Cassianum,</span> <span class='ocrx_word' id='word_1_28' title='bbox 785 384 831 438; x_wconf 80' lang='lat' dir='ltr'>cei</span> <span class='ocrx_word' id='word_1_29' title='bbox 853 385 926 440; x_wconf 80' lang='lat' dir='ltr'>boue</span> 
     </span>
     <span class='ocr_line' id='line_1_5' title="bbox 82 461 924 538; baseline 0.004 -21"><span class='ocrx_word' id='word_1_30' title='bbox 82 462 186 536; x_wconf 80' lang='lat' dir='ltr'>fucrit,</span> <span class='ocrx_word' id='word_1_31' title='bbox 199 462 229 518; x_wconf 90' lang='lat' dir='ltr'>in</span> <span class='ocrx_word' id='word_1_32' title='bbox 246 461 292 518; x_wconf 90' lang='lat' dir='ltr'>his</span> <span class='ocrx_word' id='word_1_33' title='bbox 307 462 438 538; x_wconf 86' lang='lat' dir='ltr'>personis</span> <span class='ocrx_word' id='word_1_34' title='bbox 452 462 552 533; x_wconf 86' lang='lat' dir='ltr'>valeat,</span> <span class='ocrx_word' id='word_1_35' title='bbox 565 463 618 518; x_wconf 91' lang='lat' dir='ltr'>etsi</span> <span class='ocrx_word' id='word_1_36' title='bbox 634 462 704 519; x_wconf 92' lang='lat' dir='ltr'>boni</span> <span class='ocrx_word' id='word_1_37' title='bbox 720 463 799 520; x_wconf 89' lang='lat' dir='ltr'>nullo</span> <span class='ocrx_word' id='word_1_38' title='bbox 816 464 924 521; x_wconf 89' lang='lat' dir='ltr'>emolu-</span> 
     </span>
     <span class='ocr_line' id='line_1_6' title="bbox 82 541 923 620; baseline 0.007 -24"><span class='ocrx_word' id='word_1_39' title='bbox 82 548 181 598; x_wconf 86' lang='lat' dir='ltr'>mento</span> <span class='ocrx_word' id='word_1_40' title='bbox 195 541 381 618; x_wconf 89' lang='lat' dir='ltr'>impelluntur</span> <span class='ocrx_word' id='word_1_41' title='bbox 395 542 425 598; x_wconf 93' lang='lat' dir='ltr'>in</span> <span class='ocrx_word' id='word_1_42' title='bbox 440 542 580 612; x_wconf 88' lang='lat' dir='ltr'>fraudem,</span> <span class='ocrx_word' id='word_1_43' title='bbox 592 543 715 618; x_wconf 85' lang='lat' dir='ltr'>improbi</span> <span class='ocrx_word' id='word_1_44' title='bbox 730 562 813 620; x_wconf 81' lang='lat' dir='ltr'><strong>saepe</strong></span> <span class='ocrx_word' id='word_1_45' title='bbox 823 563 923 619; x_wconf 86' lang='lat' dir='ltr'>parve.</span> 
     </span>
     <span class='ocr_line' id='line_1_7' title="bbox 82 620 923 699; baseline 0.007 -23"><span class='ocrx_word' id='word_1_46' title='bbox 82 621 176 697; x_wconf 85' lang='lat' dir='ltr'>Atqui</span> <span class='ocrx_word' id='word_1_47' title='bbox 192 620 299 679; x_wconf 83' lang='lat' dir='ltr'>Milone</span> <span class='ocrx_word' id='word_1_48' title='bbox 317 622 469 680; x_wconf 69' lang='lat' dir='ltr'>interfecto</span> <span class='ocrx_word' id='word_1_49' title='bbox 483 622 601 679; x_wconf 85' lang='lat' dir='ltr'>Clodius</span> <span class='ocrx_word' id='word_1_50' title='bbox 619 623 687 678; x_wconf 84' lang='lat' dir='ltr'>haee</span> <span class='ocrx_word' id='word_1_51' title='bbox 704 623 923 699; x_wconf 73' lang='lat' dir='ltr'>adsequebatur,</span> 
     </span>
     <span class='ocr_line' id='line_1_8' title="bbox 82 700 923 778; baseline 0.006 -21"><span class='ocrx_word' id='word_1_52' title='bbox 82 720 140 758; x_wconf 90' lang='lat' dir='ltr'>non</span> <span class='ocrx_word' id='word_1_53' title='bbox 157 700 247 757; x_wconf 90' lang='lat' dir='ltr'>modo</span> <span class='ocrx_word' id='word_1_54' title='bbox 262 708 295 758; x_wconf 93' lang='lat' dir='ltr'>ut</span> <span class='ocrx_word' id='word_1_55' title='bbox 312 710 426 778; x_wconf 84' lang='lat' dir='ltr'>praetor</span> <span class='ocrx_word' id='word_1_56' title='bbox 442 710 518 759; x_wconf 85' lang='lat' dir='ltr'>esset</span> <span class='ocrx_word' id='word_1_57' title='bbox 532 721 589 758; x_wconf 90' lang='lat' dir='ltr'>non</span> <span class='ocrx_word' id='word_1_58' title='bbox 604 721 638 758; x_wconf 94' lang='lat' dir='ltr'>eo</span> <span class='ocrx_word' id='word_1_59' title='bbox 653 700 779 772; x_wconf 88' lang='lat' dir='ltr'>consule,</span> <span class='ocrx_word' id='word_1_60' title='bbox 791 722 848 778; x_wconf 87' lang='lat' dir='ltr'>que</span> <span class='ocrx_word' id='word_1_61' title='bbox 864 724 923 762; x_wconf 90' lang='lat' dir='ltr'>sce-</span> 
     </span>
     <span class='ocr_line' id='line_1_9' title="bbox 82 779 923 858; baseline 0.005 -22"><span class='ocrx_word' id='word_1_62' title='bbox 82 779 146 838; x_wconf 90' lang='lat' dir='ltr'>leris</span> <span class='ocrx_word' id='word_1_63' title='bbox 163 780 236 837; x_wconf 88' lang='lat' dir='ltr'>nihil</span> <span class='ocrx_word' id='word_1_64' title='bbox 252 780 345 838; x_wconf 83' lang='lat' dir='ltr'>facere</span> <span class='ocrx_word' id='word_1_65' title='bbox 362 788 466 858; x_wconf 90' lang='lat' dir='ltr'>posset,</span> <span class='ocrx_word' id='word_1_66' title='bbox 480 781 529 838; x_wconf 95' lang='lat' dir='ltr'>sed</span> <span class='ocrx_word' id='word_1_67' title='bbox 546 782 632 838; x_wconf 89' lang='lat' dir='ltr'>etiam</span> <span class='ocrx_word' id='word_1_68' title='bbox 649 789 682 838; x_wconf 91' lang='lat' dir='ltr'>ut</span> <span class='ocrx_word' id='word_1_69' title='bbox 701 781 738 837; x_wconf 93' lang='lat' dir='ltr'>iis</span> <span class='ocrx_word' id='word_1_70' title='bbox 757 782 923 840; x_wconf 90' lang='lat' dir='ltr'>consulibus</span> 
     </span>
     <span class='ocr_line' id='line_1_10' title="bbox 81 861 923 936; baseline 0.004 -20"><span class='ocrx_word' id='word_1_71' title='bbox 81 867 195 936; x_wconf 86' lang='lat' dir='ltr'>praetor</span> <span class='ocrx_word' id='word_1_72' title='bbox 206 867 287 931; x_wconf 84' lang='lat' dir='ltr'>esset,</span> <span class='ocrx_word' id='word_1_73' title='bbox 299 861 402 936; x_wconf 90' lang='lat' dir='ltr'>quibus</span> <span class='ocrx_word' id='word_1_74' title='bbox 416 861 440 917; x_wconf 88' lang='lat' dir='ltr'>si</span> <span class='ocrx_word' id='word_1_75' title='bbox 455 880 512 918; x_wconf 92' lang='lat' dir='ltr'>non</span> <span class='ocrx_word' id='word_1_76' title='bbox 527 861 737 930; x_wconf 69' lang='lat' dir='ltr'>adiuvantibus</span> <span class='ocrx_word' id='word_1_77' title='bbox 746 868 776 917; x_wconf 91' lang='lat' dir='ltr'>at</span> <span class='ocrx_word' id='word_1_78' title='bbox 790 862 923 919; x_wconf 89' lang='lat' dir='ltr'>coniven-</span> 
     </span>
     <span class='ocr_line' id='line_1_11' title="bbox 81 938 923 1017; baseline 0.002 -21"><span class='ocrx_word' id='word_1_79' title='bbox 81 938 161 996; x_wconf 87' lang='lat' dir='ltr'>tibus</span> <span class='ocrx_word' id='word_1_80' title='bbox 173 946 248 996; x_wconf 89' lang='lat' dir='ltr'>certe</span> <span class='ocrx_word' id='word_1_81' title='bbox 263 947 388 1016; x_wconf 86' lang='lat' dir='ltr'>speraret</span> <span class='ocrx_word' id='word_1_82' title='bbox 398 960 481 1016; x_wconf 89' lang='lat' dir='ltr'>posse</span> <span class='ocrx_word' id='word_1_83' title='bbox 496 940 651 997; x_wconf 88' lang='lat' dir='ltr'>secludere</span> <span class='ocrx_word' id='word_1_84' title='bbox 665 941 694 996; x_wconf 91' lang='lat' dir='ltr'>in</span> <span class='ocrx_word' id='word_1_85' title='bbox 707 941 762 997; x_wconf 92' lang='lat' dir='ltr'>illis</span> <span class='ocrx_word' id='word_1_86' title='bbox 776 940 835 997; x_wconf 91' lang='lat' dir='ltr'>suis</span> <span class='ocrx_word' id='word_1_87' title='bbox 845 941 923 1017; x_wconf 83' lang='lat' dir='ltr'>cogi-</span> 
     </span>
     <span class='ocr_line' id='line_1_12' title="bbox 81 1018 924 1097; baseline 0.002 -22"><span class='ocrx_word' id='word_1_88' title='bbox 81 1018 151 1075; x_wconf 89' lang='lat' dir='ltr'>tatis</span> <span class='ocrx_word' id='word_1_89' title='bbox 166 1018 327 1075; x_wconf 88' lang='lat' dir='ltr'>furoribus:</span> <span class='ocrx_word' id='word_1_90' title='bbox 349 1019 429 1076; x_wconf 91' lang='lat' dir='ltr'>euius</span> <span class='ocrx_word' id='word_1_91' title='bbox 446 1019 487 1075; x_wconf 88' lang='lat' dir='ltr'>illi</span> <span class='ocrx_word' id='word_1_92' title='bbox 503 1027 630 1089; x_wconf 90' lang='lat' dir='ltr'>conatus,</span> <span class='ocrx_word' id='word_1_93' title='bbox 643 1028 676 1077; x_wconf 91' lang='lat' dir='ltr'>ut</span> <span class='ocrx_word' id='word_1_94' title='bbox 692 1021 755 1097; x_wconf 90' lang='lat' dir='ltr'>ipse</span> <span class='ocrx_word' id='word_1_95' title='bbox 770 1020 924 1077; x_wconf 88' lang='lat' dir='ltr'>ratiocina-</span> 
     </span>
     <span class='ocr_line' id='line_1_13' title="bbox 81 1097 923 1176; baseline 0.001 -21"><span class='ocrx_word' id='word_1_96' title='bbox 81 1097 172 1167; x_wconf 82' lang='lat' dir='ltr'>batur,</span> <span class='ocrx_word' id='word_1_97' title='bbox 180 1116 241 1168; x_wconf 91' lang='lat' dir='ltr'>nee,</span> <span class='ocrx_word' id='word_1_98' title='bbox 250 1098 273 1154; x_wconf 92' lang='lat' dir='ltr'>si</span> <span class='ocrx_word' id='word_1_99' title='bbox 284 1105 429 1175; x_wconf 89' lang='lat' dir='ltr'>cuperent,</span> <span class='ocrx_word' id='word_1_100' title='bbox 437 1099 588 1175; x_wconf 83' lang='lat' dir='ltr'>reprimere</span> <span class='ocrx_word' id='word_1_101' title='bbox 597 1108 721 1176; x_wconf 78' lang='lat' dir='ltr'>possent,</span> <span class='ocrx_word' id='word_1_102' title='bbox 730 1119 795 1156; x_wconf 90' lang='lat' dir='ltr'>cum</span> <span class='ocrx_word' id='word_1_103' title='bbox 806 1106 923 1156; x_wconf 86' lang='lat' dir='ltr'>tantum</span> 
     </span>
     <span class='ocr_line' id='line_1_14' title="bbox 80 1175 923 1251; baseline 0.002 -17"><span class='ocrx_word' id='word_1_104' title='bbox 80 1175 251 1234; x_wconf 87' lang='lat' dir='ltr'>beneficium</span> <span class='ocrx_word' id='word_1_105' title='bbox 272 1178 298 1234; x_wconf 94' lang='lat' dir='ltr'>ei</span> <span class='ocrx_word' id='word_1_106' title='bbox 319 1198 349 1235; x_wconf 89' lang='lat' dir='ltr'>se</span> <span class='ocrx_word' id='word_1_107' title='bbox 366 1177 468 1235; x_wconf 85' lang='lat' dir='ltr'>debere</span> <span class='ocrx_word' id='word_1_108' title='bbox 484 1179 696 1250; x_wconf 84' lang='lat' dir='ltr'>arbitrarentur,</span> <span class='ocrx_word' id='word_1_109' title='bbox 710 1186 747 1250; x_wconf 91' lang='lat' dir='ltr'>et,</span> <span class='ocrx_word' id='word_1_110' title='bbox 763 1179 787 1235; x_wconf 89' lang='lat' dir='ltr'>si</span> <span class='ocrx_word' id='word_1_111' title='bbox 806 1179 923 1251; x_wconf 90' lang='lat' dir='ltr'>vellent,</span> 
     </span>
     <span class='ocr_line' id='line_1_15' title="bbox 50 1257 921 1335; baseline 0.002 -21"><span class='ocrx_word' id='word_1_112' title='bbox 50 1290 57 1303; x_wconf 51' lang='grc' dir='ltr'><em>ι</em></span> <span class='ocrx_word' id='word_1_113' title='bbox 80 1257 202 1325; x_wconf 84' lang='lat' dir='ltr'>fortasse</span> <span class='ocrx_word' id='word_1_114' title='bbox 219 1257 266 1314; x_wconf 89' lang='lat' dir='ltr'>vix</span> <span class='ocrx_word' id='word_1_115' title='bbox 282 1266 400 1334; x_wconf 85' lang='lat' dir='ltr'>possent</span> <span class='ocrx_word' id='word_1_116' title='bbox 416 1259 545 1335; x_wconf 79' lang='lat' dir='ltr'>frangere</span> <span class='ocrx_word' id='word_1_117' title='bbox 566 1258 693 1315; x_wconf 91' lang='lat' dir='ltr'>hominis</span> <span class='ocrx_word' id='word_1_118' title='bbox 711 1259 921 1316; x_wconf 77' lang='lat' dir='ltr'>sceleratissimi</span> 
     </span>
     <span class='ocr_line' id='line_1_16' title="bbox 81 1337 922 1410; baseline 0.002 -16"><span class='ocrx_word' id='word_1_119' title='bbox 81 1337 293 1394; x_wconf 81' lang='lat' dir='ltr'>corroboratam</span> <span class='ocrx_word' id='word_1_120' title='bbox 306 1337 365 1394; x_wconf 86' lang='lat' dir='ltr'>iam</span> <span class='ocrx_word' id='word_1_121' title='bbox 376 1346 515 1395; x_wconf 88' lang='lat' dir='ltr'>vetustate</span> <span class='ocrx_word' id='word_1_122' title='bbox 529 1338 684 1395; x_wconf 88' lang='lat' dir='ltr'>audaciam.</span> <span class='ocrx_word' id='word_1_123' title='bbox 721 1345 766 1394; x_wconf 85' lang='lat'>33.</span> <span class='ocrx_word' id='word_1_124' title='bbox 779 1337 828 1394; x_wconf 88' lang='lat' dir='ltr'>An</span> <span class='ocrx_word' id='word_1_125' title='bbox 842 1359 922 1410; x_wconf 91' lang='lat' dir='ltr'>vero,</span> 
     </span>
     <span class='ocr_line' id='line_1_17' title="bbox 42 1416 923 1494; baseline 0.003 -21"><span class='ocrx_word' id='word_1_126' title='bbox 42 1477 45 1483; x_wconf 66' lang='grc'>,</span> <span class='ocrx_word' id='word_1_127' title='bbox 81 1416 197 1488; x_wconf 87' lang='lat' dir='ltr'>iudices,</span> <span class='ocrx_word' id='word_1_128' title='bbox 210 1437 261 1474; x_wconf 89' lang='lat' dir='ltr'>vos</span> <span class='ocrx_word' id='word_1_129' title='bbox 283 1417 337 1474; x_wconf 91' lang='lat' dir='ltr'>soli</span> <span class='ocrx_word' id='word_1_130' title='bbox 355 1418 501 1494; x_wconf 81' lang='lat' dir='ltr'>ignoratis,</span> <span class='ocrx_word' id='word_1_131' title='bbox 513 1438 564 1475; x_wconf 86' lang='lat' dir='ltr'>vos</span> <span class='ocrx_word' id='word_1_132' title='bbox 584 1418 715 1494; x_wconf 89' lang='lat' dir='ltr'>hospites</span> <span class='ocrx_word' id='word_1_133' title='bbox 728 1418 759 1474; x_wconf 91' lang='lat' dir='ltr'>in</span> <span class='ocrx_word' id='word_1_134' title='bbox 775 1417 829 1474; x_wconf 92' lang='lat' dir='ltr'>hac</span> <span class='ocrx_word' id='word_1_135' title='bbox 850 1417 923 1476; x_wconf 89' lang='lat' dir='ltr'>urbe</span> 
     </span>
     <span class='ocr_line' id='line_1_18' title="bbox 82 1497 923 1575; baseline 0.002 -22"><span class='ocrx_word' id='word_1_136' title='bbox 82 1497 250 1554; x_wconf 81' lang='lat' dir='ltr'>versamiuil</span> <span class='ocrx_word' id='word_1_137' title='bbox 271 1504 379 1554; x_wconf 89' lang='lat' dir='ltr'>vestrae</span> <span class='ocrx_word' id='word_1_138' title='bbox 393 1498 609 1574; x_wconf 77' lang='lat' dir='ltr'>peregrinantur</span> <span class='ocrx_word' id='word_1_139' title='bbox 622 1517 703 1554; x_wconf 87' lang='lat' dir='ltr'>aures</span> <span class='ocrx_word' id='word_1_140' title='bbox 716 1517 810 1575; x_wconf 91' lang='lat' dir='ltr'>neque</span> <span class='ocrx_word' id='word_1_141' title='bbox 823 1497 852 1554; x_wconf 91' lang='lat' dir='ltr'>iu</span> <span class='ocrx_word' id='word_1_142' title='bbox 864 1497 923 1556; x_wconf 92' lang='lat' dir='ltr'>hoc</span> 
     </span>
     <span class='ocr_line' id='line_1_19' title="bbox 80 1577 921 1655; baseline 0.005 -23"><span class='ocrx_word' id='word_1_143' title='bbox 80 1584 234 1653; x_wconf 78' lang='lat' dir='ltr'>pervagato</span> <span class='ocrx_word' id='word_1_144' title='bbox 246 1577 372 1634; x_wconf 84' lang='lat' dir='ltr'>civitatis</span> <span class='ocrx_word' id='word_1_145' title='bbox 384 1596 514 1634; x_wconf 88' lang='lat' dir='ltr'>sermone</span> <span class='ocrx_word' id='word_1_146' title='bbox 527 1584 681 1648; x_wconf 87' lang='lat' dir='ltr'>versantur,</span> <span class='ocrx_word' id='word_1_147' title='bbox 695 1597 765 1654; x_wconf 84' lang='lat' dir='ltr'>quas</span> <span class='ocrx_word' id='word_1_148' title='bbox 774 1577 822 1635; x_wconf 92' lang='lat' dir='ltr'>illc</span> <span class='ocrx_word' id='word_1_149' title='bbox 833 1578 921 1655; x_wconf 83' lang='lat' dir='ltr'>leges,</span> 
     </span>
     <span class='ocr_line' id='line_1_20' title="bbox 81 1655 923 1734; baseline 0.005 -22"><span class='ocrx_word' id='word_1_150' title='bbox 81 1656 105 1712; x_wconf 90' lang='lat' dir='ltr'>si</span> <span class='ocrx_word' id='word_1_151' title='bbox 121 1655 200 1732; x_wconf 82' lang='lat' dir='ltr'>leges</span> <span class='ocrx_word' id='word_1_152' title='bbox 214 1656 406 1713; x_wconf 82' lang='lat' dir='ltr'>nominandae</span> <span class='ocrx_word' id='word_1_153' title='bbox 423 1663 490 1713; x_wconf 90' lang='lat' dir='ltr'>sunt</span> <span class='ocrx_word' id='word_1_154' title='bbox 506 1676 539 1714; x_wconf 84' lang='lat' dir='ltr'>ae</span> <span class='ocrx_word' id='word_1_155' title='bbox 554 1676 613 1713; x_wconf 90' lang='lat' dir='ltr'>non</span> <span class='ocrx_word' id='word_1_156' title='bbox 630 1656 710 1714; x_wconf 84' lang='lat' dir='ltr'>faces</span> <span class='ocrx_word' id='word_1_157' title='bbox 726 1656 813 1728; x_wconf 90' lang='lat' dir='ltr'>urbis,</span> <span class='ocrx_word' id='word_1_158' title='bbox 824 1663 923 1734; x_wconf 87' lang='lat' dir='ltr'>pestes</span> 
     </span>
     <span class='ocr_line' id='line_1_21' title="bbox 80 1735 922 1814; baseline 0.005 -22"><span class='ocrx_word' id='word_1_159' title='bbox 80 1736 121 1793; x_wconf 82' lang='lat' dir='ltr'>rei</span> <span class='ocrx_word' id='word_1_160' title='bbox 135 1735 273 1812; x_wconf 88' lang='lat' dir='ltr'>publicae,</span> <span class='ocrx_word' id='word_1_161' title='bbox 286 1735 375 1792; x_wconf 83' lang='lat' dir='ltr'>fuerit</span> <span class='ocrx_word' id='word_1_162' title='bbox 388 1735 574 1812; x_wconf 86' lang='lat' dir='ltr'>impositurus</span> <span class='ocrx_word' id='word_1_163' title='bbox 588 1736 673 1793; x_wconf 89' lang='lat' dir='ltr'>nobis</span> <span class='ocrx_word' id='word_1_164' title='bbox 686 1736 819 1793; x_wconf 88' lang='lat' dir='ltr'>omnibus</span> <span class='ocrx_word' id='word_1_165' title='bbox 833 1743 922 1814; x_wconf 85' lang='lat' dir='ltr'>atque</span> 
     </span>
     <span class='ocr_line' id='line_1_22' title="bbox 81 1814 922 1891; baseline 0.002 -19"><span class='ocrx_word' id='word_1_166' title='bbox 81 1815 244 1872; x_wconf 83' lang='lat' dir='ltr'>inusturusl</span> <span class='ocrx_word' id='word_1_167' title='bbox 284 1814 404 1886; x_wconf 84' lang='lat' dir='ltr'>Exhibe,</span> <span class='ocrx_word' id='word_1_168' title='bbox 421 1834 533 1891; x_wconf 91' lang='lat' dir='ltr'>quaeso,</span> <span class='ocrx_word' id='word_1_169' title='bbox 550 1814 635 1872; x_wconf 78' lang='lat' dir='ltr'>Sexte</span> <span class='ocrx_word' id='word_1_170' title='bbox 656 1815 750 1886; x_wconf 80' lang='lat' dir='ltr'>Clodi,</span> <span class='ocrx_word' id='word_1_171' title='bbox 765 1815 867 1873; x_wconf 86' lang='lat' dir='ltr'>exhibe</span> <span class='ocrx_word' id='word_1_172' title='bbox 889 1817 922 1874; x_wconf 89' lang='lat' dir='ltr'>li-</span> 
     </span>
     <span class='ocr_line' id='line_1_23' title="bbox 80 1895 922 1973; baseline 0.002 -21"><span class='ocrx_word' id='word_1_173' title='bbox 80 1895 205 1952; x_wconf 89' lang='lat' dir='ltr'>brarium</span> <span class='ocrx_word' id='word_1_174' title='bbox 214 1895 285 1951; x_wconf 92' lang='lat' dir='ltr'>illud</span> <span class='ocrx_word' id='word_1_175' title='bbox 294 1895 390 1971; x_wconf 84' lang='lat' dir='ltr'>legum</span> <span class='ocrx_word' id='word_1_176' title='bbox 399 1895 774 1971; x_wconf 87' lang='lat' dir='ltr'>vestrarum,quodteaiunt</span> <span class='ocrx_word' id='word_1_177' title='bbox 783 1896 922 1973; x_wconf 89' lang='lat' dir='ltr'>eripuisse</span> 
     </span>
     <span class='ocr_line' id='line_1_24' title="bbox 81 1973 921 2052; baseline 0 -20"><span class='ocrx_word' id='word_1_178' title='bbox 81 1994 96 2032; x_wconf 92' lang='lat' dir='ltr'>e</span> <span class='ocrx_word' id='word_1_179' title='bbox 113 1975 202 2031; x_wconf 91' lang='lat' dir='ltr'>domo</span> <span class='ocrx_word' id='word_1_180' title='bbox 219 1981 248 2031; x_wconf 91' lang='lat' dir='ltr'>et</span> <span class='ocrx_word' id='word_1_181' title='bbox 265 1994 299 2031; x_wconf 93' lang='lat' dir='ltr'>ex</span> <span class='ocrx_word' id='word_1_182' title='bbox 316 1973 420 2031; x_wconf 86' lang='lat' dir='ltr'>mediis</span> <span class='ocrx_word' id='word_1_183' title='bbox 435 1975 521 2032; x_wconf 90' lang='lat' dir='ltr'>armis</span> <span class='ocrx_word' id='word_1_184' title='bbox 537 1974 676 2052; x_wconf 87' lang='lat' dir='ltr'>turbaque</span> <span class='ocrx_word' id='word_1_185' title='bbox 693 1982 833 2032; x_wconf 87' lang='lat' dir='ltr'>nocturna</span> <span class='ocrx_word' id='word_1_186' title='bbox 849 1983 921 2032; x_wconf 90' lang='lat' dir='ltr'>tam-</span> 
     </span>
     <span class='ocr_line' id='line_1_25' title="bbox 82 2053 937 2132; baseline 0.004 -21"><span class='ocrx_word' id='word_1_187' title='bbox 82 2073 166 2131; x_wconf 86' lang='lat' dir='ltr'>quam</span> <span class='ocrx_word' id='word_1_188' title='bbox 187 2053 349 2110; x_wconf 89' lang='lat' dir='ltr'>Palladium</span> <span class='ocrx_word' id='word_1_189' title='bbox 371 2054 526 2127; x_wconf 83' lang='lat' dir='ltr'>sustulisse,</span> <span class='ocrx_word' id='word_1_190' title='bbox 537 2062 570 2113; x_wconf 91' lang='lat' dir='ltr'>ut</span> <span class='ocrx_word' id='word_1_191' title='bbox 590 2054 767 2132; x_wconf 89' lang='lat' dir='ltr'>praeclarum</span> <span class='ocrx_word' id='word_1_192' title='bbox 786 2055 937 2114; x_wconf 89' lang='lat' dir='ltr'>videlieet·</span> 
     </span>
     <span class='ocr_line' id='line_1_26' title="bbox 80 2134 921 2212; baseline 0.004 -22"><span class='ocrx_word' id='word_1_193' title='bbox 80 2152 186 2191; x_wconf 90' lang='lat' dir='ltr'>munus</span> <span class='ocrx_word' id='word_1_194' title='bbox 205 2141 290 2210; x_wconf 88' lang='lat' dir='ltr'>atque</span> <span class='ocrx_word' id='word_1_195' title='bbox 310 2134 532 2193; x_wconf 88' lang='lat' dir='ltr'>instrumentum</span> <span class='ocrx_word' id='word_1_196' title='bbox 550 2135 710 2192; x_wconf 89' lang='lat' dir='ltr'>tribunatus</span> <span class='ocrx_word' id='word_1_197' title='bbox 731 2135 768 2191; x_wconf 91' lang='lat' dir='ltr'>ad</span> <span class='ocrx_word' id='word_1_198' title='bbox 784 2135 921 2212; x_wconf 85' lang='lat' dir='ltr'>aliquem,</span> 
     </span>
     <span class='ocr_line' id='line_1_27' title="bbox 80 2213 920 2292; baseline 0.005 -23"><span class='ocrx_word' id='word_1_199' title='bbox 80 2213 104 2270; x_wconf 88' lang='lat' dir='ltr'>si</span> <span class='ocrx_word' id='word_1_200' title='bbox 120 2221 221 2270; x_wconf 89' lang='lat' dir='ltr'>nactus</span> <span class='ocrx_word' id='word_1_201' title='bbox 238 2233 320 2285; x_wconf 86' lang='lat' dir='ltr'>esses,</span> <span class='ocrx_word' id='word_1_202' title='bbox 334 2215 384 2291; x_wconf 92' lang='lat' dir='ltr'>qui</span> <span class='ocrx_word' id='word_1_203' title='bbox 400 2222 451 2272; x_wconf 93' lang='lat' dir='ltr'>tuo</span> <span class='ocrx_word' id='word_1_204' title='bbox 468 2214 585 2276; x_wconf 85' lang='lat' dir='ltr'>arbitrio</span> <span class='ocrx_word' id='word_1_205' title='bbox 605 2215 782 2272; x_wconf 90' lang='lat' dir='ltr'>tribunatum</span> <span class='ocrx_word' id='word_1_206' title='bbox 799 2222 920 2292; x_wconf 85' lang='lat' dir='ltr'>gereret,</span> 
     </span>
     <span class='ocr_line' id='line_1_28' title="bbox 80 2293 921 2373; baseline 0.002 -23"><span class='ocrx_word' id='word_1_207' title='bbox 80 2293 193 2351; x_wconf 80' lang='lat' dir='ltr'>deferre</span> <span class='ocrx_word' id='word_1_208' title='bbox 204 2313 312 2371; x_wconf 89' lang='lat' dir='ltr'>posses.</span> <span class='ocrx_word' id='word_1_209' title='bbox 348 2293 446 2372; x_wconf 84' lang='lat' dir='ltr'>Atque</span> <span class='ocrx_word' id='word_1_210' title='bbox 462 2313 514 2371; x_wconf 91' lang='lat' dir='ltr'>per</span> <span class='ocrx_word' id='word_1_211' title='bbox 527 2338 536 2352; x_wconf 70' lang='grc'><strong>.</strong></span> <span class='ocrx_word' id='word_1_212' title='bbox 550 2339 557 2352; x_wconf 84' lang='grc'><strong>.</strong></span> <span class='ocrx_word' id='word_1_213' title='bbox 572 2335 579 2352; x_wconf 91' lang='grc'><strong>.</strong></span> <span class='ocrx_word' id='word_1_214' title='bbox 616 2294 664 2351; x_wconf 86' lang='lat' dir='ltr'>Au</span> <span class='ocrx_word' id='word_1_215' title='bbox 678 2295 764 2352; x_wconf 86' lang='lat' dir='ltr'>huius</span> <span class='ocrx_word' id='word_1_216' title='bbox 777 2295 824 2353; x_wconf 91' lang='lat' dir='ltr'>ille</span> <span class='ocrx_word' id='word_1_217' title='bbox 837 2295 921 2373; x_wconf 82' lang='lat' dir='ltr'>legis,</span> 
     </span>
     <span class='ocr_line' id='line_1_29' title="bbox 80 2373 920 2452; baseline 0.002 -21"><span class='ocrx_word' id='word_1_218' title='bbox 80 2392 166 2451; x_wconf 90' lang='lat' dir='ltr'>quam</span> <span class='ocrx_word' id='word_1_219' title='bbox 187 2373 306 2432; x_wconf 81' lang='lat' dir='ltr'>Clodius</span> <span class='ocrx_word' id='word_1_220' title='bbox 327 2394 345 2431; x_wconf 88' lang='lat' dir='ltr'>a</span> <span class='ocrx_word' id='word_1_221' title='bbox 364 2395 394 2432; x_wconf 90' lang='lat' dir='ltr'>se</span> <span class='ocrx_word' id='word_1_222' title='bbox 413 2375 559 2432; x_wconf 87' lang='lat' dir='ltr'>inventam</span> <span class='ocrx_word' id='word_1_223' title='bbox 581 2375 729 2452; x_wconf 84' lang='lat' dir='ltr'>gloriatur,</span> <span class='ocrx_word' id='word_1_224' title='bbox 741 2375 920 2433; x_wconf 89' lang='lat' dir='ltr'>mentionem</span> 
     </span>
     <span class='ocr_line' id='line_1_30' title="bbox 79 2453 920 2526; baseline 0.005 -16"><span class='ocrx_word' id='word_1_225' title='bbox 79 2454 175 2511; x_wconf 82' lang='lat' dir='ltr'>facere</span> <span class='ocrx_word' id='word_1_226' title='bbox 189 2474 274 2512; x_wconf 85' lang='lat' dir='ltr'>ausus</span> <span class='ocrx_word' id='word_1_227' title='bbox 293 2461 367 2512; x_wconf 82' lang='lat' dir='ltr'>esset</span> <span class='ocrx_word' id='word_1_228' title='bbox 383 2455 449 2511; x_wconf 84' lang='lat' dir='ltr'>vivo</span> <span class='ocrx_word' id='word_1_229' title='bbox 465 2453 582 2526; x_wconf 87' lang='lat' dir='ltr'>Milone,</span> <span class='ocrx_word' id='word_1_230' title='bbox 594 2474 653 2511; x_wconf 91' lang='lat' dir='ltr'>non</span> <span class='ocrx_word' id='word_1_231' title='bbox 670 2455 763 2512; x_wconf 77' lang='lat' dir='ltr'>dicam</span> <span class='ocrx_word' id='word_1_232' title='bbox 784 2455 920 2514; x_wconf 73' lang='lat' dir='ltr'>consulet</span> 
     </span>
     <span class='ocr_line' id='line_1_31' title="bbox 79 2533 921 2593; baseline 0.004 -3"><span class='ocrx_word' id='word_1_233' title='bbox 79 2533 124 2591; x_wconf 91' lang='lat' dir='ltr'>De</span> <span class='ocrx_word' id='word_1_234' title='bbox 138 2542 269 2591; x_wconf 87' lang='lat' dir='ltr'>nostrum</span> <span class='ocrx_word' id='word_1_235' title='bbox 283 2535 361 2592; x_wconf 90' lang='lat' dir='ltr'>enim</span> <span class='ocrx_word' id='word_1_236' title='bbox 375 2535 505 2592; x_wconf 90' lang='lat' dir='ltr'>omnium</span> <span class='ocrx_word' id='word_1_237' title='bbox 520 2578 529 2592; x_wconf 89' lang='lat'><strong>.</strong></span> <span class='ocrx_word' id='word_1_238' title='bbox 544 2578 551 2591; x_wconf 94' lang='lat'><strong>.</strong></span> <span class='ocrx_word' id='word_1_239' title='bbox 567 2578 574 2591; x_wconf 91' lang='lat'><strong>.</strong></span> <span class='ocrx_word' id='word_1_240' title='bbox 589 2553 649 2590; x_wconf 87' lang='lat' dir='ltr'>uon</span> <span class='ocrx_word' id='word_1_241' title='bbox 663 2535 754 2591; x_wconf 85' lang='lat' dir='ltr'>audeo</span> <span class='ocrx_word' id='word_1_242' title='bbox 768 2542 864 2592; x_wconf 90' lang='lat' dir='ltr'>totum</span> <span class='ocrx_word' id='word_1_243' title='bbox 879 2536 921 2593; x_wconf 92' lang='lat' dir='ltr'>di·</span> 
     </span>
     <span class='ocr_line' id='line_1_32' title="bbox 79 2613 922 2690; baseline 0.002 -20"><span class='ocrx_word' id='word_1_244' title='bbox 79 2633 149 2670; x_wconf 90' lang='lat' dir='ltr'>cere.</span> <span class='ocrx_word' id='word_1_245' title='bbox 185 2614 291 2672; x_wconf 89' lang='lat' dir='ltr'>Videte</span> <span class='ocrx_word' id='word_1_246' title='bbox 309 2613 379 2690; x_wconf 92' lang='lat' dir='ltr'>quid</span> <span class='ocrx_word' id='word_1_247' title='bbox 395 2634 429 2671; x_wconf 86' lang='lat' dir='ltr'>ea</span> <span class='ocrx_word' id='word_1_248' title='bbox 445 2614 507 2671; x_wconf 89' lang='lat' dir='ltr'>vitii</span> <span class='ocrx_word' id='word_1_249' title='bbox 521 2614 567 2672; x_wconf 85' lang='lat' dir='ltr'>lex</span> <span class='ocrx_word' id='word_1_250' title='bbox 583 2614 716 2672; x_wconf 89' lang='lat' dir='ltr'>habitura</span> <span class='ocrx_word' id='word_1_251' title='bbox 731 2615 922 2686; x_wconf 83' lang='lat' dir='ltr'>fuerit,cuius</span> 
     </span>
     <span class='ocr_line' id='line_1_33' title="bbox 78 2693 921 2771; baseline 0.001 -21"><span class='ocrx_word' id='word_1_252' title='bbox 78 2693 238 2769; x_wconf 90' lang='lat' dir='ltr'>periculosa</span> <span class='ocrx_word' id='word_1_253' title='bbox 255 2694 342 2751; x_wconf 90' lang='lat' dir='ltr'>etiam</span> <span class='ocrx_word' id='word_1_254' title='bbox 361 2694 543 2771; x_wconf 88' lang='lat' dir='ltr'>reprehensio</span> <span class='ocrx_word' id='word_1_255' title='bbox 559 2702 610 2752; x_wconf 87' lang='lat' dir='ltr'>est.</span> <span class='ocrx_word' id='word_1_256' title='bbox 646 2695 684 2753; x_wconf 85' lang='lat' dir='ltr'>Et</span> <span class='ocrx_word' id='word_1_257' title='bbox 698 2695 808 2771; x_wconf 83' lang='lat' dir='ltr'>aspexit</span> <span class='ocrx_word' id='word_1_258' title='bbox 824 2714 871 2751; x_wconf 90' lang='lat' dir='ltr'>me</span> <span class='ocrx_word' id='word_1_259' title='bbox 888 2694 921 2751; x_wconf 94' lang='lat' dir='ltr'>il·</span> 
     </span>
     <span class='ocr_line' id='line_1_34' title="bbox 79 2773 923 2850; baseline 0.005 -22"><span class='ocrx_word' id='word_1_260' title='bbox 79 2773 113 2829; x_wconf 91' lang='lat' dir='ltr'>lis</span> <span class='ocrx_word' id='word_1_261' title='bbox 131 2773 247 2849; x_wconf 88' lang='lat' dir='ltr'>quidem</span> <span class='ocrx_word' id='word_1_262' title='bbox 265 2774 363 2844; x_wconf 90' lang='lat' dir='ltr'>oeulis,</span> <span class='ocrx_word' id='word_1_263' title='bbox 375 2773 481 2850; x_wconf 89' lang='lat' dir='ltr'>quibus</span> <span class='ocrx_word' id='word_1_264' title='bbox 495 2781 558 2830; x_wconf 89' lang='lat' dir='ltr'>tum</span> <span class='ocrx_word' id='word_1_265' title='bbox 575 2774 691 2844; x_wconf 85' lang='lat' dir='ltr'>solebat,</span> <span class='ocrx_word' id='word_1_266' title='bbox 704 2794 770 2831; x_wconf 90' lang='lat' dir='ltr'>eum</span> <span class='ocrx_word' id='word_1_267' title='bbox 785 2773 923 2832; x_wconf 90' lang='lat' dir='ltr'>omuibus</span> 
     </span>
     <span class='ocr_line' id='line_1_35' title="bbox 79 2853 921 2930; baseline 0.005 -22"><span class='ocrx_word' id='word_1_268' title='bbox 79 2853 176 2909; x_wconf 90' lang='lat' dir='ltr'>omnia</span> <span class='ocrx_word' id='word_1_269' title='bbox 189 2853 359 2911; x_wconf 86' lang='lat' dir='ltr'>minabatur.</span> <span class='ocrx_word' id='word_1_270' title='bbox 401 2853 499 2910; x_wconf 90' lang='lat' dir='ltr'>Movet</span> <span class='ocrx_word' id='word_1_271' title='bbox 513 2873 559 2910; x_wconf 93' lang='lat' dir='ltr'>me</span> <span class='ocrx_word' id='word_1_272' title='bbox 574 2855 680 2930; x_wconf 91' lang='lat' dir='ltr'>quippe</span> <span class='ocrx_word' id='word_1_273' title='bbox 694 2855 790 2911; x_wconf 90' lang='lat' dir='ltr'>lumen</span> <span class='ocrx_word' id='word_1_274' title='bbox 808 2854 921 2912; x_wconf 88' lang='lat' dir='ltr'>euriael</span> 
     </span>
     <span class='ocr_line' id='line_1_36' title="bbox 79 2931 923 3011; baseline 0.005 -23"><span class='ocrx_word' id='word_1_275' title='bbox 79 2931 164 2989; x_wconf 84' lang='lat' dir='ltr'><strong>XIII.</strong></span> <span class='ocrx_word' id='word_1_276' title='bbox 186 2932 281 3000; x_wconf 68' lang='lat' dir='ltr'>Quid?</span> <span class='ocrx_word' id='word_1_277' title='bbox 305 2940 338 2990; x_wconf 89' lang='lat' dir='ltr'>tu</span> <span class='ocrx_word' id='word_1_278' title='bbox 358 2952 407 2990; x_wconf 90' lang='lat' dir='ltr'>me</span> <span class='ocrx_word' id='word_1_279' title='bbox 425 2933 479 2991; x_wconf 84' lang='lat' dir='ltr'>tibi</span> <span class='ocrx_word' id='word_1_280' title='bbox 500 2933 615 3003; x_wconf 85' lang='lat' dir='ltr'>iratmn,</span> <span class='ocrx_word' id='word_1_281' title='bbox 626 2933 721 3004; x_wconf 83' lang='lat' dir='ltr'>Sexte,</span> <span class='ocrx_word' id='word_1_282' title='bbox 732 2941 825 3011; x_wconf 83' lang='lat' dir='ltr'>putas,</span> <span class='ocrx_word' id='word_1_283' title='bbox 838 2934 923 2992; x_wconf 89' lang='lat' dir='ltr'>cuius</span> 
     </span>
     <span class='ocr_line' id='line_1_37' title="bbox 79 3012 921 3089; baseline 0.002 -21"><span class='ocrx_word' id='word_1_284' title='bbox 79 3018 111 3068; x_wconf 90' lang='lat' dir='ltr'>tu</span> <span class='ocrx_word' id='word_1_285' title='bbox 125 3012 356 3069; x_wconf 89' lang='lat' dir='ltr'>inimicissimum</span> <span class='ocrx_word' id='word_1_286' title='bbox 368 3012 461 3068; x_wconf 91' lang='lat' dir='ltr'>multo</span> <span class='ocrx_word' id='word_1_287' title='bbox 475 3012 616 3068; x_wconf 82' lang='lat' dir='ltr'>crudelius</span> <span class='ocrx_word' id='word_1_288' title='bbox 631 3014 716 3070; x_wconf 89' lang='lat' dir='ltr'>etiam</span> <span class='ocrx_word' id='word_1_289' title='bbox 731 3014 865 3089; x_wconf 89' lang='lat' dir='ltr'>poenitus</span> <span class='ocrx_word' id='word_1_290' title='bbox 880 3033 921 3086; x_wconf 87' lang='lat' dir='ltr'>es,</span> 
     </span>
     <span class='ocr_line' id='line_1_38' title="bbox 79 3092 921 3167; baseline 0.002 -20"><span class='ocrx_word' id='word_1_291' title='bbox 79 3109 165 3166; x_wconf 91' lang='lat' dir='ltr'>quam</span> <span class='ocrx_word' id='word_1_292' title='bbox 182 3099 242 3148; x_wconf 87' lang='lat' dir='ltr'>erat</span> <span class='ocrx_word' id='word_1_293' title='bbox 258 3092 444 3148; x_wconf 86' lang='lat' dir='ltr'>humanitatis</span> <span class='ocrx_word' id='word_1_294' title='bbox 462 3111 541 3147; x_wconf 88' lang='lat' dir='ltr'>meae</span> <span class='ocrx_word' id='word_1_295' title='bbox 558 3092 719 3167; x_wconf 76' lang='lat' dir='ltr'>postularet</span> <span class='ocrx_word' id='word_1_296' title='bbox 753 3092 798 3148; x_wconf 86' lang='lat' dir='ltr'>Tu</span> <span class='ocrx_word' id='word_1_297' title='bbox 813 3092 845 3148; x_wconf 89' lang='lat' dir='ltr'>P.</span> <span class='ocrx_word' id='word_1_298' title='bbox 855 3092 921 3149; x_wconf 86' lang='lat' dir='ltr'>Clo·</span> 
     </span>
     <span class='ocr_line' id='line_1_39' title="bbox 71 3170 921 3248; baseline 0.005 -23"><span class='ocrx_word' id='word_1_299' title='bbox 71 3170 117 3225; x_wconf 80' lang='lat' dir='ltr'>dii</span> <span class='ocrx_word' id='word_1_300' title='bbox 131 3177 283 3230; x_wconf 81' lang='lat' dir='ltr'>cruentum</span> <span class='ocrx_word' id='word_1_301' title='bbox 305 3170 426 3230; x_wconf 85' lang='lat' dir='ltr'>cadaver</span> <span class='ocrx_word' id='word_1_302' title='bbox 442 3170 551 3229; x_wconf 86' lang='lat' dir='ltr'>eiecisti</span> <span class='ocrx_word' id='word_1_303' title='bbox 567 3170 709 3240; x_wconf 89' lang='lat' dir='ltr'>domo,tu</span> <span class='ocrx_word' id='word_1_304' title='bbox 724 3171 755 3228; x_wconf 87' lang='lat' dir='ltr'>in</span> <span class='ocrx_word' id='word_1_305' title='bbox 771 3170 921 3248; x_wconf 78' lang='lat' dir='ltr'>publicum</span> 
     </span>
    </p>
   </div>
   <div class='ocr_carea' id='block_1_3' title="bbox 0 0 998 3480">
    <p class='ocr_par' dir='ltr' id='par_1_3' title="bbox 0 0 998 3480">
     <span class='ocr_line' id='line_1_40' title="bbox 0 0 998 3480; baseline 0 1"><span class='ocrx_word' id='word_1_306' title='bbox 0 0 998 3480; x_wconf 95' lang='lat' dir='ltr'> </span> 
     </span>
    </p>
   </div>
  </div>
 </body>
</html>
