1988 3480
325 127 403 177 cnr.
420 126 602 188 niu-xva,
618 125 632 186 a
647 127 737 176 42-47.
922 129 954 179 ιτ

113 235 172 286 tate
192 247 325 305 agrorum
347 228 483 285 diutur'na
503 247 559 306 pax
584 226 692 286 efficere
713 227 861 306 potuisset.
904 232 952 286 45.

113 308 175 365 lam
192 315 308 385 accepta
329 308 359 364 in
380 309 476 364 Ponto
498 307 658 364 calamitate
676 327 710 364 ex
732 327 766 365 eo
783 307 901 386 proelio,
917 308 953 366 de

114 408 171 465 quo
185 408 237 445 vos
250 388 346 464 paullo
363 395 428 445 ante
444 388 551 444 invitus
568 387 713 458 admonui,
726 406 791 444 eum
806 388 876 444 socii
892 407 954 464 per-

112 469 284 539 timuissent,
302 468 430 524 hostium
449 486 518 543 opes
539 467 684 544 animique
705 468 866 538 crevissent,
885 469 954 524 satis

113 547 228 604 firmum
244 547 417 624 praesidium
436 547 584 623 provincia
603 567 662 604 non
678 547 804 618 haberet,
816 548 955 605 amisisse·

113 629 150 684 tis
161 628 269 698 Asiam,
281 627 413 697 Quirites,
425 627 480 684 nisi
494 627 531 684 ad
542 628 637 703 ipsum
648 627 801 683 discrimen
813 627 873 683 eius
884 634 955 684 tem·

112 708 191 783 poris
212 708 350 764 divinitus
371 707 422 764 Cn.
434 707 607 783 Pompeium
628 707 665 762 ad
686 726 733 763 eas
749 707 880 782 regiones
897 708 954 764 for·

112 799 183 844 tuna
198 787 299 864 populi
316 787 440 844 Romani
460 787 610 844 attulisset.
653 786 749 842 Huius
768 787 907 843 adventus
925 794 954 844 et

113 867 311 925 Mithridatem
325 867 440 923 insolita
454 866 664 923 inflammatum
678 866 798 923 victoria
812 866 954 924 continuit

113 955 142 1004 et
158 947 311 1024 Tigranem
328 948 440 1024 magnis
458 947 548 1023 copiis
565 947 747 1003 minitantem
765 946 853 1002 Asiae
870 953 954 1003 retar·

113 1027 199 1084 davit.
243 1027 448 1104 nequisquam
470 1027 614 1084 dubitabit
636 1026 706 1102 quid
723 1027 828 1083 virtute
846 1027 954 1102 periec-

113 1114 193 1164 turus
204 1108 241 1164 sit
253 1108 302 1184 qui
313 1114 425 1164 tantum
437 1107 605 1164 auctoritate
616 1106 786 1183 perfecerit?
807 1113 857 1162 aut
868 1125 954 1182 quam

112 1187 196 1244 facilc
208 1188 329 1264 imperio
343 1194 429 1263 atque
441 1187 565 1243 exercitu
580 1187 672 1244 socios
687 1193 716 1243 et
726 1185 876 1262 vectigalia
889 1205 954 1243 eou-

114 1274 273 1324 servaturus
287 1269 325 1324 sit
337 1268 385 1344 qui
397 1268 459 1343 ipso
471 1267 587 1324 nomine
602 1286 634 1324 ac
646 1285 759 1323 rumore
775 1265 954 1323 defenderitl

113 1347 196 1404 XVI.
233 1352 279 1404 46.
295 1348 360 1423 Age
377 1367 443 1404 vero
460 1347 508 1403 illa
525 1367 569 1403 res
590 1353 725 1424 quantam
743 1346 866 1403 declarat
883 1346 954 1402 eius-

114 1426 180 1482 dem
197 1426 323 1482 hominis
340 1427 418 1502 apud
432 1426 528 1483 hostes
544 1427 645 1503 populi
662 1425 786 1482 Romani
803 1426 954 1483 auctorita-

114 1513 182 1574 tem,
199 1505 277 1580 quod
294 1525 328 1561 ex
345 1506 415 1561 locis
434 1512 493 1562 tam
513 1505 678 1581 longinquis
698 1514 815 1581 tamque
836 1506 954 1563 diversis

115 1591 175 1640 tam
192 1584 270 1640 brevi
287 1592 416 1659 tempore
438 1604 537 1640 omnes
557 1584 624 1641 huic
646 1604 675 1640 se
695 1586 746 1640 uni
765 1586 954 1642 dedideruntl

116 1663 194 1740 quod
211 1663 389 1720 Cretensium
410 1664 505 1740 legati,
522 1683 586 1720 cum
608 1665 638 1719 in
659 1683 758 1720 eorum
779 1665 871 1720 insula
892 1684 955 1721 nos-

115 1751 159 1801 ter
176 1744 331 1820 imperator
348 1743 543 1821 exercitusque
564 1750 645 1814 esset,
663 1744 699 1800 ad
716 1743 768 1801 Cn.
781 1744 953 1821 Pompeium

115 1824 145 1880 in
159 1824 274 1881 ultimas
288 1844 377 1902 prope
392 1831 479 1881 terras
489 1830 627 1881 venerunt
638 1824 720 1901 eique
735 1843 764 1881 se
779 1844 878 1882 omnes
890 1824 955 1882 Ore-

115 1906 238 1961 tensium
250 1905 379 1962 civitates
390 1905 493 1962 dedere
504 1904 574 1962 velle
584 1904 735 1961 dixerunt?
764 1904 859 1973 Quid?
877 1905 953 1962 idem

76 2008 79 2025 ⁴
115 1985 168 2042 iste
186 1984 367 2042 Mithridates
388 2004 482 2041 nonne
503 1985 540 2041 ad
562 1984 695 2041 eumdem
716 1984 768 2042 Cn.
781 1985 953 2062 Pompeium

115 2064 240 2142 legatum
249 2065 377 2142 usquein
387 2064 557 2140 Hispaniam
569 2065 667 2122 misitl
688 2085 761 2136 eum,
775 2085 859 2142 quem
869 2066 955 2122 Pom-

115 2146 197 2221 peius
213 2145 338 2221 legatum
361 2164 472 2220 semper
488 2144 633 2215 iudicavit,
649 2146 678 2215 ii,
694 2145 797 2221 quibus
818 2152 877 2202 erat
893 2165 955 2221 per-

110 2224 268 2282 molestum
290 2225 408 2281 adeum
430 2224 612 2300 potissimum
635 2244 694 2281 esse
711 2225 839 2294 missum,
858 2244 956 2301 specu-

116 2304 235 2361 latorem
250 2323 335 2380 quam
350 2304 476 2381 legatum
491 2304 610 2360 iudicari
624 2303 792 2361 maluerunt.
829 2304 955 2361 Potestis

116 2385 205 2461 igitur
228 2385 285 2441 iam
309 2385 489 2453 constituere,
506 2383 639 2453 Quirites
659 2383 732 2440 hanc
757 2384 954 2440 auctoritatem

116 2465 215 2522 multis
228 2471 328 2541 postea
345 2465 427 2521 rebus
441 2464 529 2540 gestis
546 2465 714 2541 magnisque
728 2463 828 2519 vestris
842 2463 955 2519 iudiciis

117 2543 327 2621 amplificatam,
347 2551 484 2621 quantum
513 2545 591 2620 apud
619 2545 682 2598 illos
709 2561 796 2616 reges
816 2549 955 2618 quantum

117 2624 194 2700 apud
208 2632 317 2681 exteras
332 2626 461 2681 nationes
476 2623 624 2679 valituram
640 2641 699 2678 esse
714 2622 889 2679 existimetis.

158 2705 203 2760 47.
220 2705 373 2780 Reliquum
391 2709 433 2759 est
449 2709 483 2759 ut
499 2701 535 2757 de
552 2702 697 2772 felicitate,
711 2720 796 2778 quam
813 2709 955 2778 praestare

118 2782 153 2839 dc
168 2802 197 2838 se
214 2784 277 2859 ipso
293 2802 378 2840 nemo
395 2788 498 2858 potest,
511 2781 673 2837 meminisse
690 2788 719 2838 ot
733 2800 955 2838 commemorare

118 2862 154 2918 de
178 2861 266 2919 altero
286 2882 445 2939 possumus,
462 2861 535 2918 sieut
556 2880 677 2937 aequum
702 2868 745 2918 est
765 2862 895 2919 homines
919 2862 955 2918 de

80 3001 82 3004 Α
118 2948 259 3018 potestate
284 2943 411 3013 deorum,
429 2942 531 2998 timide
553 2948 581 2998 et
602 2961 692 3017 pauca
714 2942 849 2998 dicamus.
892 2942 955 3016 Ego

118 3022 195 3078 enim
212 3022 251 3078 sie
269 3023 418 3080 existimo:
441 3022 577 3091 Maximo,
590 3022 731 3092 Marcello,
748 3022 884 3098 Scipioni,
898 3022 956 3077 Ma-

118 3103 169 3172 rio,
182 3108 210 3158 et
224 3103 324 3160 ceteris
338 3103 449 3176 magnis
463 3102 689 3179 imperatorinus
697 3121 766 3156 non
774 3101 973 3174 solumque&-

116 3187 159 3238 ter
184 3183 330 3255 virtutem,
349 3184 402 3242 sed
427 3184 519 3242 ctiam
543 3189 669 3261 propter
693 3181 860 3234 tartunam
878 3178 992 3225 savem
