1988 3480
193 151 195 154 Α
269 111 347 157 UAP.
364 108 544 168 xvi-xlx„
562 107 683 185 §dl—4⁰.
867 112 899 158 95

57 204 121 265 rum
136 215 267 278 creverat,
280 208 375 278 altera,
387 208 467 285 quod
481 209 509 280 ii,
523 228 594 286 quos
608 209 638 265 in
653 209 800 285 provincia
816 227 848 265 ae
863 209 898 267 le

55 289 173 365 gatione
193 288 287 344 omnis
306 294 335 344 et
352 287 529 346 liberalitatis
549 295 577 346 et
594 289 708 346 virtutis
728 308 793 345 suae
812 295 899 347 testes

56 368 203 438 habuerat,
214 368 343 424 nondum
355 368 540 426 decesserant
576 368 690 425 Horum
706 376 858 446 utrumque
873 371 899 426 ei

56 449 176 504 fortuna
194 448 230 504 ad
248 447 410 505 consulatus
429 448 599 525 petitionem
621 449 780 506 reservavit
824 449 899 505 Nam

55 536 88 584 et
107 527 135 584 1„
149 526 259 584 Luculli
277 528 423 598 exercitus
440 529 489 605 qui
508 528 545 584 ad
564 527 743 604 triumphum
763 548 901 586 convene-

58 616 110 677 rat,
123 608 200 664 idem
217 607 342 664 comitiis
356 607 386 664 L.
398 607 533 664 Murenae
547 614 660 683 praesto
674 608 740 678 fuit,
753 615 782 664 et
795 627 900 665 munus

58 687 275 763 amplissimum,
299 687 377 764 qnod
403 687 507 763 petitio
535 694 683 764 praeturae
711 687 899 760 desiderabat,

58 775 190 845 praetura
206 768 338 824 restituit
382 773 428 824 38.
452 767 530 824 Num
547 767 601 824 tibi
615 766 685 824 haec
701 786 789 843 parva
805 768 902 825 viden-

57 856 106 904 tur
133 847 298 904 adiumenta
325 855 354 904 et
381 846 508 904 subsidia
535 847 717 904 consulatus?
758 847 901 905 Voluntas

57 927 203 984 militumi
225 947 297 1004 quae
319 947 384 984 eum
405 946 456 1004 per
477 947 506 984 se
527 927 602 984 valet
622 927 816 998 multitudine,
835 947 900 984 cum

55 1009 136 1084 apud
158 1028 224 1065 suos
246 1008 345 1084 gratia,
365 1015 428 1066 tum
452 1027 517 1065 vero
539 1007 570 1064 in
592 1007 708 1065 consule
731 1007 900 1065 deelarando

57 1088 182 1144 multum
200 1089 285 1145 etiam
304 1088 383 1165 apud
398 1088 563 1144 universum
580 1088 720 1165 populum
736 1087 900 1145 Romanum

57 1169 235 1225 auctoritatis
254 1167 341 1226 habet
360 1168 527 1245 suffragatio
546 1168 694 1225 militaris:
716 1167 901 1244 imperatores

56 1248 135 1304 enim
149 1249 273 1306 comitiis
288 1247 490 1319 consularibus,
501 1267 560 1304 non
570 1247 722 1305 verborum
733 1248 902 1324 interpretes

17 1386 19 1391 ,
56 1328 230 1404 deliguntur⁴
273 1328 380 1397 Quare
394 1328 487 1404 gravis
504 1335 547 1385 est
560 1328 609 1385 illa
623 1328 731 1384 oratio:
753 1327 800 1384 Me
815 1328 902 1383 sauci-

58 1427 115 1477 um
128 1408 279 1465 recreavit:
301 1428 348 1465 me
364 1408 472 1485 praeda
488 1407 622 1464 donavit:
644 1407 700 1464 hoc
719 1407 791 1464 duce
811 1415 902 1463 castra

58 1488 196 1563 cepimus,
207 1488 288 1564 signa
302 1487 493 1544 eontulimnsz
512 1507 669 1564 numquam
677 1487 738 1544 'iste
751 1487 816 1564 plus
829 1486 902 1543 mili-

57 1567 83 1623 ti
94 1567 198 1624 laboris
212 1568 351 1643 imposuit
362 1587 448 1644 qnam
463 1566 517 1624 sibi
532 1568 655 1644 sumpsit
665 1567 726 1644 ipse
741 1587 806 1624 eum
818 1567 901 1623 fortis

57 1654 123 1703 tum
140 1648 226 1704 etiam
243 1647 320 1704 felix.
364 1647 429 1703 Hoc
447 1647 546 1724 quanti
563 1654 647 1724 putas
664 1667 723 1704 esse
738 1646 777 1704 ad
793 1647 901 1703 famam

60 1727 211 1784 hominnm
228 1747 261 1784 ae
278 1727 473 1785 voluntatem?
514 1727 630 1785 Etenim
647 1727 671 1784 si
688 1734 769 1784 tanta
785 1727 840 1784 illis
857 1747 902 1784 eo·

58 1808 150 1864 mitiis
174 1808 274 1885 religio
299 1815 350 1879 est,
369 1814 403 1864 ut
424 1807 518 1864 adhue
542 1827 654 1884 semper
676 1826 760 1864 omen
783 1808 902 1864 valuerit

58 1889 298 1965 praerogativum,
312 1889 381 1965 quid
398 1888 503 1944 mimm
520 1894 563 1945 est
580 1887 610 1944 in
626 1887 682 1945 hoe
698 1886 845 1945 felicitatis
861 1887 902 1944 fa-

58 1988 136 2024 mam
151 1987 367 2045 sermonemque
382 1967 521 2025 valuisset

100 2049 183 2106 XIX
206 2048 264 2107 Sed
275 2049 299 2106 si
309 2049 379 2106 haee
393 2048 499 2106 leviora
509 2048 598 2120 ducis,
607 2067 681 2125 quae
695 2055 762 2106 sunt
773 2047 902 2126 gravissi·

59 2148 108 2185 ma
121 2137 149 2186 et
162 2129 236 2186 hane
251 2129 389 2186 urbanam
403 2129 637 2206 suffragationem
654 2129 771 2186 militari
786 2135 902 2204 antepo

59 2209 112 2280 nis,
122 2209 182 2266 noli
193 2210 326 2266 ludorum
336 2209 422 2265 huius
436 2208 606 2285 elegantiam
619 2216 649 2266 et
664 2229 779 2266 scaenae
793 2209 902 2284 magni-

59 2288 204 2345 ficentiam
226 2289 307 2346 valde
331 2296 533 2346 contemnere:
556 2307 630 2365 quae
652 2288 719 2346 huie
744 2288 901 2345 admodum

59 2369 238 2444 profuerunt
282 2369 357 2425 Nam
370 2368 442 2444 quid
458 2387 512 2445 ego
530 2368 623 2425 dicam
637 2368 776 2444 populum
794 2387 827 2424 ac
844 2368 902 2424 vul

58 2467 115 2523 gns
131 2449 330 2524 imperitorum
343 2449 419 2506 ludis
435 2467 541 2525 magne
559 2467 644 2524 opere
653 2448 810 2504 delectarit
851 2447 895 2503 Mi-

61 2546 115 2584 nus
131 2535 174 2584 est
191 2529 369 2586 mirandum:
389 2547 565 2604 quamquam
581 2527 649 2583 huie
667 2546 767 2583 causae
787 2527 817 2583 id
834 2527 902 2583 satis

59 2616 112 2663 est.
149 2607 222 2664 Sunt
233 2609 309 2664 enim
321 2608 421 2684 populi
433 2627 464 2664 ac
475 2607 670 2663 multitudinis
680 2607 804 2663 eomitia
840 2605 903 2674 Qua

61 2705 100 2757 re,
111 2687 133 2742 si
145 2687 252 2763 populo
264 2688 396 2744 ludorum
408 2685 620 2763 magnificentia
630 2686 771 2762 voluptati
782 2694 833 2757 est,
843 2705 901 2742 non

59 2773 106 2823 est
125 2767 286 2823 mirandum
305 2786 367 2823 eam
388 2767 418 2823 L.
435 2767 570 2823 Murenae
588 2766 666 2842 apud
682 2766 822 2842 populum
839 2785 903 2842 pro

61 2846 158 2902 fuisse.
196 2852 241 2903 39.
260 2847 317 2903 Sed
328 2847 351 2903 si
362 2845 550 2922 nosmetipsi,
561 2845 610 2923 qui
623 2851 654 2902 et
667 2844 702 2902 ab
714 2845 902 2902 delectatione

61 2926 143 2981 omni
156 2926 280 3002 negotiis
297 2925 470 3002 impedimur
487 2933 515 2982 et
529 2926 559 2981 in
573 2925 636 3002 ipsa
652 2926 839 3002 occupatione
857 2925 903 2981 de

61 3004 227 3063 lectationes
242 3005 310 3062 alias
322 3006 427 3062 multas
437 3005 540 3062 habere
551 3005 916 3082 possumusdndistamm

59 3085 237 3143 oblectamur
250 3092 280 3144 et
295 3085 440 3161 ducimur,
450 3085 527 3166 qnid
535 3092 575 3143 tu
586 3085 737 3142 admirere
749 3081 791 3134 ue
798 3075 941 3129 mmmm-

47 3163 120 3222 dr'ne
137 3166 283 3228 indoctal
327 3173 380 3230 lo.
401 3168 438 3230 h
452 3168 552 3237 omo,
563 3166 614 3224 uir
632 3161 741 3225 ronse,
750 3168 848 3209 mm
862 3154 969 3196 mm
