<?xml version="1.0" encoding="UTF-8"?>
<!DOCTYPE html PUBLIC "-//W3C//DTD XHTML 1.0 Transitional//EN"
    "http://www.w3.org/TR/xhtml1/DTD/xhtml1-transitional.dtd">
<html xmlns="http://www.w3.org/1999/xhtml" xml:lang="en" lang="en">
 <head>
  <title>
</title>
<meta http-equiv="Content-Type" content="text/html;charset=utf-8" />
  <meta name='ocr-system' content='tesseract 3.04.00' />
  <meta name='ocr-capabilities' content='ocr_page ocr_carea ocr_par ocr_line ocrx_word'/>
</head>
<body>
  <div class='ocr_page' id='page_1' title='image "./mtulliiciceroni32cicegoog_0090.png"; bbox 0 0 1988 3480; ppageno 0'>
   <div class='ocr_carea' id='block_1_1' title="bbox 294 159 905 223">
    <p class='ocr_par' dir='ltr' id='par_1_1' title="bbox 294 159 905 223">
     <span class='ocr_line' id='line_1_1' title="bbox 294 159 905 223; baseline 0.002 -13"><span class='ocrx_word' id='word_1_1' title='bbox 294 161 371 211; x_wconf 78' lang='lat' dir='ltr'><strong>cnr.</strong></span> <span class='ocrx_word' id='word_1_2' title='bbox 388 161 530 223; x_wconf 74' lang='lat' dir='ltr'><strong>vni-x,</strong></span> <span class='ocrx_word' id='word_1_3' title='bbox 547 159 561 221; x_wconf 76' lang='grc'><strong>1</strong></span> <span class='ocrx_word' id='word_1_4' title='bbox 577 163 664 211; x_wconf 79' lang='lat' dir='ltr'><strong>ro-er.</strong></span> <span class='ocrx_word' id='word_1_5' title='bbox 874 164 905 211; x_wconf 80' lang='grc'><strong>11</strong></span> 
     </span>
    </p>
   </div>
   <div class='ocr_carea' id='block_1_2' title="bbox 63 261 942 3279">
    <p class='ocr_par' dir='ltr' id='par_1_2' title="bbox 63 261 906 1534">
     <span class='ocr_line' id='line_1_2' title="bbox 66 261 904 338; baseline 0 -19"><span class='ocrx_word' id='word_1_6' title='bbox 66 269 186 319; x_wconf 90' lang='lat' dir='ltr'><strong>strarum</strong></span> <span class='ocrx_word' id='word_1_7' title='bbox 201 269 286 338; x_wconf 89' lang='lat' dir='ltr'><strong>atque</strong></span> <span class='ocrx_word' id='word_1_8' title='bbox 300 261 454 318; x_wconf 90' lang='lat' dir='ltr'><strong>liberorum</strong></span> <span class='ocrx_word' id='word_1_9' title='bbox 468 262 571 333; x_wconf 89' lang='lat' dir='ltr'><strong>anima,</strong></span> <span class='ocrx_word' id='word_1_10' title='bbox 584 262 619 319; x_wconf 92' lang='lat' dir='ltr'><strong>de</strong></span> <span class='ocrx_word' id='word_1_11' title='bbox 630 262 754 319; x_wconf 80' lang='lat' dir='ltr'><strong>fortunis</strong></span> <span class='ocrx_word' id='word_1_12' title='bbox 765 262 904 334; x_wconf 88' lang='lat' dir='ltr'><strong>omniurn,</strong></span> 
     </span>
     <span class='ocr_line' id='line_1_3' title="bbox 65 341 906 411; baseline 0.001 -13"><span class='ocrx_word' id='word_1_13' title='bbox 65 341 101 398; x_wconf 92' lang='lat' dir='ltr'><strong>de</strong></span> <span class='ocrx_word' id='word_1_14' title='bbox 119 341 241 411; x_wconf 89' lang='lat' dir='ltr'><strong>sedibus,</strong></span> <span class='ocrx_word' id='word_1_15' title='bbox 254 341 290 399; x_wconf 92' lang='lat' dir='ltr'><strong>dc</strong></span> <span class='ocrx_word' id='word_1_16' title='bbox 306 341 380 398; x_wconf 84' lang='lat' dir='ltr'><strong>focis</strong></span> <span class='ocrx_word' id='word_1_17' title='bbox 396 341 496 399; x_wconf 90' lang='lat' dir='ltr'><strong>vestris</strong></span> <span class='ocrx_word' id='word_1_18' title='bbox 513 341 653 399; x_wconf 91' lang='lat' dir='ltr'><strong>hodierno</strong></span> <span class='ocrx_word' id='word_1_19' title='bbox 670 342 717 400; x_wconf 89' lang='lat' dir='ltr'><strong>die</strong></span> <span class='ocrx_word' id='word_1_20' title='bbox 734 342 816 399; x_wconf 88' lang='lat' dir='ltr'><strong>vobis</strong></span> <span class='ocrx_word' id='word_1_21' title='bbox 833 343 906 399; x_wconf 91' lang='lat' dir='ltr'><strong>iudi·</strong></span> 
     </span>
     <span class='ocr_line' id='line_1_4' title="bbox 65 420 903 494; baseline 0.001 -16"><span class='ocrx_word' id='word_1_22' title='bbox 65 421 188 478; x_wconf 87' lang='lat' dir='ltr'><strong>candum</strong></span> <span class='ocrx_word' id='word_1_23' title='bbox 211 428 260 478; x_wconf 92' lang='grc'><strong>111.</strong></span> <span class='ocrx_word' id='word_1_24' title='bbox 305 427 350 478; x_wconf 89' lang='grc'><strong>19.</strong></span> <span class='ocrx_word' id='word_1_25' title='bbox 369 420 491 478; x_wconf 80' lang='lat' dir='ltr'>Habetis</span> <span class='ocrx_word' id='word_1_26' title='bbox 512 421 614 479; x_wconf 88' lang='lat' dir='ltr'><strong>ducem</strong></span> <span class='ocrx_word' id='word_1_27' title='bbox 635 441 792 479; x_wconf 80' lang='lat' dir='ltr'><strong>memorem</strong></span> <span class='ocrx_word' id='word_1_28' title='bbox 809 423 903 494; x_wconf 88' lang='lat' dir='ltr'><strong>vestri,</strong></span> 
     </span>
     <span class='ocr_line' id='line_1_5' title="bbox 65 500 905 577; baseline 0.002 -20"><span class='ocrx_word' id='word_1_29' title='bbox 65 500 187 557; x_wconf 90' lang='lat' dir='ltr'><strong>oblitum</strong></span> <span class='ocrx_word' id='word_1_30' title='bbox 202 500 254 571; x_wconf 89' lang='lat' dir='ltr'><strong>sni,</strong></span> <span class='ocrx_word' id='word_1_31' title='bbox 265 519 336 577; x_wconf 87' lang='lat' dir='ltr'><strong>quae</strong></span> <span class='ocrx_word' id='word_1_32' title='bbox 348 520 405 558; x_wconf 92' lang='lat' dir='ltr'><strong>non</strong></span> <span class='ocrx_word' id='word_1_33' title='bbox 420 520 531 577; x_wconf 79' lang='lat' dir='ltr'><strong>semper</strong></span> <span class='ocrx_word' id='word_1_34' title='bbox 541 501 661 559; x_wconf 82' lang='lat' dir='ltr'><strong>facultas</strong></span> <span class='ocrx_word' id='word_1_35' title='bbox 672 502 772 559; x_wconf 91' lang='lat' dir='ltr'><strong>datur:</strong></span> <span class='ocrx_word' id='word_1_36' title='bbox 793 501 905 559; x_wconf 88' lang='lat' dir='ltr'><strong>habetis</strong></span> 
     </span>
     <span class='ocr_line' id='line_1_6' title="bbox 65 580 904 658; baseline 0.002 -22"><span class='ocrx_word' id='word_1_37' title='bbox 65 599 165 637; x_wconf 90' lang='lat' dir='ltr'><strong>omnes</strong></span> <span class='ocrx_word' id='word_1_38' title='bbox 182 580 303 652; x_wconf 72' lang='lat' dir='ltr'><strong>ordines</strong></span> <span class='ocrx_word' id='word_1_39' title='bbox 317 600 416 637; x_wconf 91' lang='lat' dir='ltr'><strong>omnes</strong></span> <span class='ocrx_word' id='word_1_40' title='bbox 432 580 571 652; x_wconf 91' lang='lat' dir='ltr'><strong>hominos,</strong></span> <span class='ocrx_word' id='word_1_41' title='bbox 584 581 747 638; x_wconf 90' lang='lat' dir='ltr'><strong>universum</strong></span> <span class='ocrx_word' id='word_1_42' title='bbox 763 582 904 658; x_wconf 90' lang='lat' dir='ltr'><strong>populum</strong></span> 
     </span>
     <span class='ocr_line' id='line_1_7' title="bbox 65 659 906 739; baseline 0.002 -23"><span class='ocrx_word' id='word_1_43' title='bbox 65 659 236 731; x_wconf 87' lang='lat' dir='ltr'><strong>Romanum,</strong></span> <span class='ocrx_word' id='word_1_44' title='bbox 249 659 280 717; x_wconf 94' lang='lat' dir='ltr'><strong>id</strong></span> <span class='ocrx_word' id='word_1_45' title='bbox 297 660 376 737; x_wconf 91' lang='lat' dir='ltr'><strong>quod</strong></span> <span class='ocrx_word' id='word_1_46' title='bbox 391 661 422 716; x_wconf 92' lang='lat' dir='ltr'><strong>in</strong></span> <span class='ocrx_word' id='word_1_47' title='bbox 439 659 515 717; x_wconf 89' lang='lat' dir='ltr'><strong>civili</strong></span> <span class='ocrx_word' id='word_1_48' title='bbox 533 680 616 717; x_wconf 87' lang='lat' dir='ltr'><strong>causa</strong></span> <span class='ocrx_word' id='word_1_49' title='bbox 630 660 769 718; x_wconf 92' lang='lat' dir='ltr'><strong>hodierno</strong></span> <span class='ocrx_word' id='word_1_50' title='bbox 787 661 834 718; x_wconf 90' lang='lat' dir='ltr'><strong>die</strong></span> <span class='ocrx_word' id='word_1_51' title='bbox 850 662 906 739; x_wconf 91' lang='lat' dir='ltr'><strong>pri·</strong></span> 
     </span>
     <span class='ocr_line' id='line_1_8' title="bbox 64 740 905 818; baseline 0.002 -22"><span class='ocrx_word' id='word_1_52' title='bbox 64 759 145 796; x_wconf 90' lang='lat' dir='ltr'><strong>mum</strong></span> <span class='ocrx_word' id='word_1_53' title='bbox 159 740 297 811; x_wconf 89' lang='lat' dir='ltr'><strong>videmus,</strong></span> <span class='ocrx_word' id='word_1_54' title='bbox 310 758 399 797; x_wconf 90' lang='lat' dir='ltr'><strong>unum</strong></span> <span class='ocrx_word' id='word_1_55' title='bbox 415 746 500 816; x_wconf 90' lang='lat' dir='ltr'><strong>atquc</strong></span> <span class='ocrx_word' id='word_1_56' title='bbox 514 740 591 797; x_wconf 88' lang='lat' dir='ltr'><strong>idern</strong></span> <span class='ocrx_word' id='word_1_57' title='bbox 606 741 783 798; x_wconf 78' lang='lat' dir='ltr'><strong>sentientem.</strong></span> <span class='ocrx_word' id='word_1_58' title='bbox 821 741 905 818; x_wconf 87' lang='lat' dir='ltr'><strong>Cogi-</strong></span> 
     </span>
     <span class='ocr_line' id='line_1_9' title="bbox 64 819 905 898; baseline 0 -21"><span class='ocrx_word' id='word_1_59' title='bbox 64 827 123 877; x_wconf 85' lang='lat' dir='ltr'><strong>tate</strong></span> <span class='ocrx_word' id='word_1_60' title='bbox 145 820 259 897; x_wconf 85' lang='lat' dir='ltr'><strong>quantis</strong></span> <span class='ocrx_word' id='word_1_61' title='bbox 280 819 424 877; x_wconf 73' lang='lat' dir='ltr'>laboribus</span> <span class='ocrx_word' id='word_1_62' title='bbox 446 820 600 877; x_wconf 82' lang='lat' dir='ltr'><strong>fundatum</strong></span> <span class='ocrx_word' id='word_1_63' title='bbox 621 821 782 898; x_wconf 90' lang='lat' dir='ltr'><strong>imperium,</strong></span> <span class='ocrx_word' id='word_1_64' title='bbox 799 829 905 898; x_wconf 86' lang='lat' dir='ltr'><strong>quanta</strong></span> 
     </span>
     <span class='ocr_line' id='line_1_10' title="bbox 64 899 905 976; baseline 0 -20"><span class='ocrx_word' id='word_1_65' title='bbox 64 899 168 957; x_wconf 90' lang='lat' dir='ltr'><strong>virtute</strong></span> <span class='ocrx_word' id='word_1_66' title='bbox 183 899 337 957; x_wconf 74' lang='lat' dir='ltr'><strong>stabilitam</strong></span> <span class='ocrx_word' id='word_1_67' title='bbox 348 899 517 971; x_wconf 89' lang='lat' dir='ltr'><strong>libertatem,</strong></span> <span class='ocrx_word' id='word_1_68' title='bbox 527 907 633 976; x_wconf 89' lang='lat' dir='ltr'><strong>quanta</strong></span> <span class='ocrx_word' id='word_1_69' title='bbox 647 901 766 958; x_wconf 89' lang='lat' dir='ltr'><strong>deorum</strong></span> <span class='ocrx_word' id='word_1_70' title='bbox 777 901 905 976; x_wconf 85' lang='lat' dir='ltr'><strong>benigni-</strong></span> 
     </span>
     <span class='ocr_line' id='line_1_11' title="bbox 64 981 904 1057; baseline 0 -21"><span class='ocrx_word' id='word_1_71' title='bbox 64 987 123 1036; x_wconf 85' lang='lat' dir='ltr'><strong>tate</strong></span> <span class='ocrx_word' id='word_1_72' title='bbox 144 988 239 1036; x_wconf 90' lang='lat' dir='ltr'><strong>auctas</strong></span> <span class='ocrx_word' id='word_1_73' title='bbox 260 986 499 1057; x_wconf 80' lang='lat' dir='ltr'><strong>exaggeratasque</strong></span> <span class='ocrx_word' id='word_1_74' title='bbox 515 981 647 1038; x_wconf 84' lang='lat' dir='ltr'><strong>fortunas</strong></span> <span class='ocrx_word' id='word_1_75' title='bbox 663 1001 721 1037; x_wconf 89' lang='lat' dir='ltr'><strong>una</strong></span> <span class='ocrx_word' id='word_1_76' title='bbox 738 1000 795 1037; x_wconf 87' lang='lat' dir='ltr'><strong>nox</strong></span> <span class='ocrx_word' id='word_1_77' title='bbox 814 999 904 1056; x_wconf 88' lang='lat' dir='ltr'><strong>paene</strong></span> 
     </span>
     <span class='ocr_line' id='line_1_12' title="bbox 64 1059 904 1137; baseline 0 -21"><span class='ocrx_word' id='word_1_78' title='bbox 64 1059 171 1116; x_wconf 91' lang='lat' dir='ltr'><strong>delerit.</strong></span> <span class='ocrx_word' id='word_1_79' title='bbox 208 1060 243 1116; x_wconf 90' lang='lat' dir='ltr'><strong>ld</strong></span> <span class='ocrx_word' id='word_1_80' title='bbox 253 1079 289 1118; x_wconf 93' lang='lat' dir='ltr'><strong>nc</strong></span> <span class='ocrx_word' id='word_1_81' title='bbox 303 1079 441 1137; x_wconf 88' lang='lat' dir='ltr'><strong>umquam</strong></span> <span class='ocrx_word' id='word_1_82' title='bbox 455 1061 575 1136; x_wconf 82' lang='lat' dir='ltr'><strong>posthac</strong></span> <span class='ocrx_word' id='word_1_83' title='bbox 589 1080 648 1118; x_wconf 92' lang='lat' dir='ltr'><strong>non</strong></span> <span class='ocrx_word' id='word_1_84' title='bbox 662 1061 751 1118; x_wconf 92' lang='lat' dir='ltr'><strong>modo</strong></span> <span class='ocrx_word' id='word_1_85' title='bbox 765 1079 823 1116; x_wconf 90' lang='lat' dir='ltr'><strong>non</strong></span> <span class='ocrx_word' id='word_1_86' title='bbox 838 1079 904 1116; x_wconf 91' lang='lat' dir='ltr'><strong>con-</strong></span> 
     </span>
     <span class='ocr_line' id='line_1_13' title="bbox 63 1138 905 1217; baseline 0.001 -22"><span class='ocrx_word' id='word_1_87' title='bbox 63 1138 118 1211; x_wconf 85' lang='lat' dir='ltr'><strong>fici,</strong></span> <span class='ocrx_word' id='word_1_88' title='bbox 131 1140 181 1197; x_wconf 88' lang='lat' dir='ltr'><strong>sed</strong></span> <span class='ocrx_word' id='word_1_89' title='bbox 197 1159 233 1197; x_wconf 89' lang='lat' dir='ltr'><strong>ne</strong></span> <span class='ocrx_word' id='word_1_90' title='bbox 252 1140 372 1217; x_wconf 85' lang='lat' dir='ltr'><strong>cogitari</strong></span> <span class='ocrx_word' id='word_1_91' title='bbox 390 1140 506 1217; x_wconf 89' lang='lat' dir='ltr'><strong>quidem</strong></span> <span class='ocrx_word' id='word_1_92' title='bbox 523 1141 615 1216; x_wconf 89' lang='lat' dir='ltr'><strong>possit</strong></span> <span class='ocrx_word' id='word_1_93' title='bbox 631 1160 648 1197; x_wconf 90' lang='grc'><strong>1</strong></span> <span class='ocrx_word' id='word_1_94' title='bbox 665 1140 781 1211; x_wconf 91' lang='lat' dir='ltr'><strong>civibus,</strong></span> <span class='ocrx_word' id='word_1_95' title='bbox 794 1139 905 1196; x_wconf 91' lang='lat' dir='ltr'><strong>hodier-</strong></span> 
     </span>
     <span class='ocr_line' id='line_1_14' title="bbox 63 1219 902 1297; baseline -0.001 -21"><span class='ocrx_word' id='word_1_96' title='bbox 63 1239 101 1276; x_wconf 94' lang='lat' dir='ltr'><strong>no</strong></span> <span class='ocrx_word' id='word_1_97' title='bbox 123 1219 170 1277; x_wconf 92' lang='lat' dir='ltr'><strong>dic</strong></span> <span class='ocrx_word' id='word_1_98' title='bbox 190 1220 400 1296; x_wconf 89' lang='lat' dir='ltr'><strong>providendum</strong></span> <span class='ocrx_word' id='word_1_99' title='bbox 422 1227 471 1277; x_wconf 90' lang='lat' dir='ltr'><strong>est.</strong></span> <span class='ocrx_word' id='word_1_100' title='bbox 514 1221 613 1297; x_wconf 83' lang='lat' dir='ltr'><strong>Atque</strong></span> <span class='ocrx_word' id='word_1_101' title='bbox 633 1220 703 1276; x_wconf 90' lang='lat' dir='ltr'><strong>haee</strong></span> <span class='ocrx_word' id='word_1_102' title='bbox 719 1239 778 1276; x_wconf 92' lang='lat' dir='ltr'><strong>non</strong></span> <span class='ocrx_word' id='word_1_103' title='bbox 795 1226 827 1275; x_wconf 91' lang='lat' dir='ltr'><strong>ut</strong></span> <span class='ocrx_word' id='word_1_104' title='bbox 844 1238 902 1290; x_wconf 91' lang='lat' dir='ltr'><strong>vos,</strong></span> 
     </span>
     <span class='ocr_line' id='line_1_15' title="bbox 64 1298 904 1377; baseline -0.002 -21"><span class='ocrx_word' id='word_1_105' title='bbox 64 1300 114 1376; x_wconf 89' lang='lat' dir='ltr'><strong>qui</strong></span> <span class='ocrx_word' id='word_1_106' title='bbox 124 1299 197 1356; x_wconf 90' lang='lat' dir='ltr'><strong>mihi</strong></span> <span class='ocrx_word' id='word_1_107' title='bbox 211 1298 307 1357; x_wconf 89' lang='lat' dir='ltr'><strong>studio</strong></span> <span class='ocrx_word' id='word_1_108' title='bbox 318 1319 407 1377; x_wconf 89' lang='lat' dir='ltr'><strong>paene</strong></span> <span class='ocrx_word' id='word_1_109' title='bbox 418 1301 606 1376; x_wconf 71' lang='lat' dir='ltr'><strong>praecurritis</strong></span> <span class='ocrx_word' id='word_1_110' title='bbox 620 1300 780 1368; x_wconf 86' lang='lat' dir='ltr'><strong>excitarem,</strong></span> <span class='ocrx_word' id='word_1_111' title='bbox 792 1298 904 1355; x_wconf 89' lang='lat' dir='ltr'><strong>locutus</strong></span> 
     </span>
     <span class='ocr_line' id='line_1_16' title="bbox 64 1377 905 1455; baseline 0 -21"><span class='ocrx_word' id='word_1_112' title='bbox 64 1398 136 1448; x_wconf 84' lang='lat' dir='ltr'><strong>sum,</strong></span> <span class='ocrx_word' id='word_1_113' title='bbox 152 1379 202 1435; x_wconf 95' lang='grc'><strong>1111</strong></span> <span class='ocrx_word' id='word_1_114' title='bbox 218 1387 252 1435; x_wconf 90' lang='grc'><strong>11</strong></span> <span class='ocrx_word' id='word_1_115' title='bbox 268 1398 332 1436; x_wconf 88' lang='lat' dir='ltr'><strong>mea</strong></span> <span class='ocrx_word' id='word_1_116' title='bbox 348 1399 411 1450; x_wconf 87' lang='lat' dir='ltr'><strong>vox,</strong></span> <span class='ocrx_word' id='word_1_117' title='bbox 428 1399 500 1455; x_wconf 91' lang='lat' dir='ltr'><strong>quac</strong></span> <span class='ocrx_word' id='word_1_118' title='bbox 517 1378 602 1436; x_wconf 91' lang='lat' dir='ltr'><strong>debet</strong></span> <span class='ocrx_word' id='word_1_119' title='bbox 620 1399 679 1436; x_wconf 92' lang='lat' dir='ltr'><strong>esse</strong></span> <span class='ocrx_word' id='word_1_120' title='bbox 696 1379 727 1434; x_wconf 92' lang='lat' dir='ltr'><strong>in</strong></span> <span class='ocrx_word' id='word_1_121' title='bbox 743 1398 773 1435; x_wconf 90' lang='grc'><strong>11</strong></span> <span class='ocrx_word' id='word_1_122' title='bbox 790 1377 905 1455; x_wconf 89' lang='lat' dir='ltr'><strong>publica</strong></span> 
     </span>
     <span class='ocr_line' id='line_1_17' title="bbox 64 1457 742 1534; baseline 0.001 -20"><span class='ocrx_word' id='word_1_123' title='bbox 64 1458 204 1534; x_wconf 77' lang='lat' dir='ltr'><strong>princeps</strong></span> <span class='ocrx_word' id='word_1_124' title='bbox 217 1457 311 1515; x_wconf 92' lang='lat' dir='ltr'><strong>officio</strong></span> <span class='ocrx_word' id='word_1_125' title='bbox 325 1460 426 1516; x_wconf 82' lang='lat' dir='ltr'><strong>functa</strong></span> <span class='ocrx_word' id='word_1_126' title='bbox 439 1459 579 1516; x_wconf 91' lang='lat' dir='ltr'><strong>consulari</strong></span> <span class='ocrx_word' id='word_1_127' title='bbox 594 1459 742 1515; x_wconf 87' lang='lat' dir='ltr'><strong>videretur.</strong></span> 
     </span>
    </p>

    <p class='ocr_par' dir='ltr' id='par_1_3' title="bbox 64 1537 942 3279">
     <span class='ocr_line' id='line_1_18' title="bbox 105 1537 905 1614; baseline 0.001 -21"><span class='ocrx_word' id='word_1_128' title='bbox 105 1537 143 1593; x_wconf 91' lang='lat' dir='ltr'><strong>X.</strong></span> <span class='ocrx_word' id='word_1_129' title='bbox 180 1543 226 1594; x_wconf 79' lang='grc'><strong>20.</strong></span> <span class='ocrx_word' id='word_1_130' title='bbox 243 1537 328 1594; x_wconf 90' lang='lat' dir='ltr'><strong>Nunc</strong></span> <span class='ocrx_word' id='word_1_131' title='bbox 345 1544 511 1614; x_wconf 89' lang='lat' dir='ltr'><strong>antequam</strong></span> <span class='ocrx_word' id='word_1_132' title='bbox 526 1538 562 1594; x_wconf 89' lang='lat' dir='ltr'><strong>ad</strong></span> <span class='ocrx_word' id='word_1_133' title='bbox 577 1539 747 1594; x_wconf 89' lang='lat' dir='ltr'><strong>sententiam</strong></span> <span class='ocrx_word' id='word_1_134' title='bbox 761 1538 855 1608; x_wconf 92' lang='lat' dir='ltr'><strong>rede0,</strong></span> <span class='ocrx_word' id='word_1_135' title='bbox 869 1538 905 1595; x_wconf 91' lang='lat' dir='ltr'><strong>de</strong></span> 
     </span>
     <span class='ocr_line' id='line_1_19' title="bbox 64 1617 905 1693; baseline 0.001 -21"><span class='ocrx_word' id='word_1_136' title='bbox 64 1635 112 1674; x_wconf 91' lang='lat' dir='ltr'><strong>me</strong></span> <span class='ocrx_word' id='word_1_137' title='bbox 126 1635 217 1693; x_wconf 88' lang='lat' dir='ltr'><strong>pauca</strong></span> <span class='ocrx_word' id='word_1_138' title='bbox 230 1617 332 1674; x_wconf 89' lang='lat' dir='ltr'><strong>dicam.</strong></span> <span class='ocrx_word' id='word_1_139' title='bbox 368 1617 440 1693; x_wconf 86' lang='lat' dir='ltr'><strong>Ege,</strong></span> <span class='ocrx_word' id='word_1_140' title='bbox 454 1622 560 1693; x_wconf 87' lang='lat' dir='ltr'><strong>quanta</strong></span> <span class='ocrx_word' id='word_1_141' title='bbox 573 1636 675 1673; x_wconf 88' lang='lat' dir='ltr'><strong>manus</strong></span> <span class='ocrx_word' id='word_1_142' title='bbox 689 1625 731 1674; x_wconf 88' lang='lat' dir='ltr'><strong>est</strong></span> <span class='ocrx_word' id='word_1_143' title='bbox 746 1618 905 1674; x_wconf 88' lang='lat' dir='ltr'><strong>coniurato-</strong></span> 
     </span>
     <span class='ocr_line' id='line_1_20' title="bbox 65 1696 905 1773; baseline -0.001 -20"><span class='ocrx_word' id='word_1_144' title='bbox 65 1715 138 1767; x_wconf 89' lang='lat' dir='ltr'><strong>rum,</strong></span> <span class='ocrx_word' id='word_1_145' title='bbox 151 1716 235 1773; x_wconf 91' lang='lat' dir='ltr'><strong>quam</strong></span> <span class='ocrx_word' id='word_1_146' title='bbox 254 1696 357 1754; x_wconf 89' lang='lat' dir='ltr'><strong>videtis</strong></span> <span class='ocrx_word' id='word_1_147' title='bbox 376 1715 435 1752; x_wconf 87' lang='lat' dir='ltr'><strong>csse</strong></span> <span class='ocrx_word' id='word_1_148' title='bbox 456 1715 650 1772; x_wconf 84' lang='lat' dir='ltr'><strong>permagnam,</strong></span> <span class='ocrx_word' id='word_1_149' title='bbox 662 1703 771 1753; x_wconf 90' lang='lat' dir='ltr'><strong>tantam</strong></span> <span class='ocrx_word' id='word_1_150' title='bbox 785 1716 832 1753; x_wconf 92' lang='lat' dir='ltr'><strong>me</strong></span> <span class='ocrx_word' id='word_1_151' title='bbox 853 1697 905 1752; x_wconf 90' lang='lat' dir='ltr'><strong>ini-</strong></span> 
     </span>
     <span class='ocr_line' id='line_1_21' title="bbox 65 1776 904 1852; baseline 0.001 -20"><span class='ocrx_word' id='word_1_152' title='bbox 65 1777 206 1832; x_wconf 89' lang='lat' dir='ltr'><strong>micorum</strong></span> <span class='ocrx_word' id='word_1_153' title='bbox 229 1776 444 1833; x_wconf 88' lang='lat' dir='ltr'><strong>multitudinem</strong></span> <span class='ocrx_word' id='word_1_154' title='bbox 468 1777 622 1852; x_wconf 84' lang='lat' dir='ltr'><strong>suscepisse</strong></span> <span class='ocrx_word' id='word_1_155' title='bbox 645 1776 744 1833; x_wconf 82' lang='lat' dir='ltr'><strong>video:</strong></span> <span class='ocrx_word' id='word_1_156' title='bbox 770 1777 819 1833; x_wconf 89' lang='lat' dir='ltr'><strong>sed</strong></span> <span class='ocrx_word' id='word_1_157' title='bbox 842 1795 904 1833; x_wconf 87' lang='lat' dir='ltr'><strong>earn</strong></span> 
     </span>
     <span class='ocr_line' id='line_1_22' title="bbox 65 1854 903 1932; baseline -0.001 -19"><span class='ocrx_word' id='word_1_158' title='bbox 65 1856 161 1913; x_wconf 92' lang='lat' dir='ltr'><strong>iudico</strong></span> <span class='ocrx_word' id='word_1_159' title='bbox 172 1875 239 1913; x_wconf 87' lang='lat' dir='ltr'><strong>esse</strong></span> <span class='ocrx_word' id='word_1_160' title='bbox 252 1862 365 1932; x_wconf 91' lang='lat' dir='ltr'><strong>turpem</strong></span> <span class='ocrx_word' id='word_1_161' title='bbox 382 1862 412 1913; x_wconf 89' lang='lat' dir='ltr'><strong>et</strong></span> <span class='ocrx_word' id='word_1_162' title='bbox 425 1854 568 1912; x_wconf 88' lang='lat' dir='ltr'><strong>infirmam</strong></span> <span class='ocrx_word' id='word_1_163' title='bbox 585 1863 614 1913; x_wconf 92' lang='lat' dir='ltr'><strong>et</strong></span> <span class='ocrx_word' id='word_1_164' title='bbox 627 1855 774 1914; x_wconf 88' lang='lat' dir='ltr'><strong>abiectam.</strong></span> <span class='ocrx_word' id='word_1_165' title='bbox 817 1855 903 1925; x_wconf 82' lang='lat' dir='ltr'><strong>Quod</strong></span> 
     </span>
     <span class='ocr_line' id='line_1_23' title="bbox 65 1935 905 2013; baseline 0.001 -21"><span class='ocrx_word' id='word_1_166' title='bbox 65 1936 90 1993; x_wconf 89' lang='lat' dir='ltr'><strong>si</strong></span> <span class='ocrx_word' id='word_1_167' title='bbox 107 1935 259 2013; x_wconf 88' lang='lat' dir='ltr'><strong>aliquando</strong></span> <span class='ocrx_word' id='word_1_168' title='bbox 276 1935 395 1992; x_wconf 90' lang='lat' dir='ltr'><strong>alicuius</strong></span> <span class='ocrx_word' id='word_1_169' title='bbox 411 1935 508 1993; x_wconf 87' lang='lat' dir='ltr'><strong>furore</strong></span> <span class='ocrx_word' id='word_1_170' title='bbox 525 1942 554 1993; x_wconf 92' lang='lat' dir='ltr'><strong>et</strong></span> <span class='ocrx_word' id='word_1_171' title='bbox 570 1935 673 1993; x_wconf 88' lang='lat' dir='ltr'><strong>scelere</strong></span> <span class='ocrx_word' id='word_1_172' title='bbox 690 1936 831 1993; x_wconf 87' lang='lat' dir='ltr'><strong>concitata</strong></span> <span class='ocrx_word' id='word_1_173' title='bbox 846 1955 905 1993; x_wconf 88' lang='lat' dir='ltr'><strong>ma·</strong></span> 
     </span>
     <span class='ocr_line' id='line_1_24' title="bbox 65 2014 905 2093; baseline 0 -21"><span class='ocrx_word' id='word_1_174' title='bbox 65 2035 120 2072; x_wconf 92' lang='lat' dir='ltr'><strong>nus</strong></span> <span class='ocrx_word' id='word_1_175' title='bbox 129 2016 184 2073; x_wconf 89' lang='lat' dir='ltr'><strong>ista</strong></span> <span class='ocrx_word' id='word_1_176' title='bbox 194 2015 258 2092; x_wconf 90' lang='lat' dir='ltr'><strong>plus</strong></span> <span class='ocrx_word' id='word_1_177' title='bbox 272 2015 391 2072; x_wconf 88' lang='lat' dir='ltr'><strong>valuerit</strong></span> <span class='ocrx_word' id='word_1_178' title='bbox 403 2034 488 2093; x_wconf 92' lang='lat' dir='ltr'><strong>quam</strong></span> <span class='ocrx_word' id='word_1_179' title='bbox 499 2022 592 2073; x_wconf 87' lang='lat' dir='ltr'><strong>vestra</strong></span> <span class='ocrx_word' id='word_1_180' title='bbox 605 2035 637 2072; x_wconf 91' lang='lat' dir='ltr'><strong>ac</strong></span> <span class='ocrx_word' id='word_1_181' title='bbox 648 2015 689 2072; x_wconf 89' lang='lat' dir='ltr'><strong>rei</strong></span> <span class='ocrx_word' id='word_1_182' title='bbox 702 2014 833 2092; x_wconf 89' lang='lat' dir='ltr'><strong>publicae</strong></span> <span class='ocrx_word' id='word_1_183' title='bbox 844 2016 905 2092; x_wconf 88' lang='lat' dir='ltr'><strong>dig·</strong></span> 
     </span>
     <span class='ocr_line' id='line_1_25' title="bbox 65 2095 905 2172; baseline 0 -20"><span class='ocrx_word' id='word_1_184' title='bbox 65 2096 148 2166; x_wconf 90' lang='lat' dir='ltr'><strong>nitas,</strong></span> <span class='ocrx_word' id='word_1_185' title='bbox 165 2115 212 2152; x_wconf 91' lang='lat' dir='ltr'><strong>mc</strong></span> <span class='ocrx_word' id='word_1_186' title='bbox 236 2102 333 2152; x_wconf 88' lang='lat' dir='ltr'><strong>tamen</strong></span> <span class='ocrx_word' id='word_1_187' title='bbox 353 2114 483 2153; x_wconf 91' lang='lat' dir='ltr'><strong>meorum</strong></span> <span class='ocrx_word' id='word_1_188' title='bbox 504 2095 647 2153; x_wconf 88' lang='lat' dir='ltr'><strong>factomm</strong></span> <span class='ocrx_word' id='word_1_189' title='bbox 668 2102 753 2172; x_wconf 88' lang='lat' dir='ltr'><strong>atque</strong></span> <span class='ocrx_word' id='word_1_190' title='bbox 774 2095 905 2152; x_wconf 89' lang='lat' dir='ltr'><strong>consilio·</strong></span> 
     </span>
     <span class='ocr_line' id='line_1_26' title="bbox 65 2174 905 2252; baseline 0 -20"><span class='ocrx_word' id='word_1_191' title='bbox 65 2194 129 2232; x_wconf 89' lang='lat' dir='ltr'><strong>rum</strong></span> <span class='ocrx_word' id='word_1_192' title='bbox 151 2194 317 2252; x_wconf 85' lang='lat' dir='ltr'><strong>numquam,</strong></span> <span class='ocrx_word' id='word_1_193' title='bbox 334 2182 428 2252; x_wconf 89' lang='lat' dir='ltr'><strong>patres</strong></span> <span class='ocrx_word' id='word_1_194' title='bbox 452 2175 614 2252; x_wconf 88' lang='lat' dir='ltr'><strong>conscripti,</strong></span> <span class='ocrx_word' id='word_1_195' title='bbox 632 2174 799 2252; x_wconf 89' lang='lat' dir='ltr'><strong>poenitebit.</strong></span> <span class='ocrx_word' id='word_1_196' title='bbox 840 2175 905 2233; x_wconf 88' lang='lat' dir='ltr'><strong>Ete-</strong></span> 
     </span>
     <span class='ocr_line' id='line_1_27' title="bbox 65 2254 904 2332; baseline -0.001 -21"><span class='ocrx_word' id='word_1_197' title='bbox 65 2255 126 2311; x_wconf 93' lang='lat' dir='ltr'><strong>nim</strong></span> <span class='ocrx_word' id='word_1_198' title='bbox 143 2274 228 2325; x_wconf 89' lang='lat' dir='ltr'><strong>mors,</strong></span> <span class='ocrx_word' id='word_1_199' title='bbox 241 2274 327 2332; x_wconf 89' lang='lat' dir='ltr'><strong>quam</strong></span> <span class='ocrx_word' id='word_1_200' title='bbox 341 2255 382 2315; x_wconf 87' lang='lat' dir='ltr'><strong>illi</strong></span> <span class='ocrx_word' id='word_1_201' title='bbox 398 2254 471 2312; x_wconf 91' lang='lat' dir='ltr'><strong>mihi</strong></span> <span class='ocrx_word' id='word_1_202' title='bbox 485 2255 606 2312; x_wconf 82' lang='lat' dir='ltr'><strong>fortasse</strong></span> <span class='ocrx_word' id='word_1_203' title='bbox 622 2254 800 2325; x_wconf 84' lang='lat' dir='ltr'><strong>minitantur,</strong></span> <span class='ocrx_word' id='word_1_204' title='bbox 813 2256 904 2312; x_wconf 91' lang='lat' dir='ltr'><strong>omni-</strong></span> 
     </span>
     <span class='ocr_line' id='line_1_28' title="bbox 66 2333 905 2411; baseline -0.002 -20"><span class='ocrx_word' id='word_1_205' title='bbox 66 2333 121 2391; x_wconf 89' lang='lat' dir='ltr'><strong>bus</strong></span> <span class='ocrx_word' id='word_1_206' title='bbox 135 2342 178 2391; x_wconf 89' lang='grc'><strong>111</strong></span> <span class='ocrx_word' id='word_1_207' title='bbox 191 2341 305 2410; x_wconf 87' lang='lat' dir='ltr'><strong>parata:</strong></span> <span class='ocrx_word' id='word_1_208' title='bbox 327 2335 401 2392; x_wconf 86' lang='lat' dir='ltr'><strong>vitae</strong></span> <span class='ocrx_word' id='word_1_209' title='bbox 414 2342 525 2393; x_wconf 90' lang='lat' dir='ltr'><strong>tantam</strong></span> <span class='ocrx_word' id='word_1_210' title='bbox 539 2334 661 2405; x_wconf 90' lang='lat' dir='ltr'><strong>laudern,</strong></span> <span class='ocrx_word' id='word_1_211' title='bbox 674 2343 780 2411; x_wconf 89' lang='lat' dir='ltr'><strong>quanta</strong></span> <span class='ocrx_word' id='word_1_212' title='bbox 793 2354 844 2390; x_wconf 90' lang='lat' dir='ltr'><strong>vos</strong></span> <span class='ocrx_word' id='word_1_213' title='bbox 858 2353 905 2390; x_wconf 88' lang='lat' dir='ltr'><strong>me</strong></span> 
     </span>
     <span class='ocr_line' id='line_1_29' title="bbox 66 2413 905 2486; baseline -0.002 -15"><span class='ocrx_word' id='word_1_214' title='bbox 66 2415 167 2472; x_wconf 91' lang='lat' dir='ltr'><strong>vestris</strong></span> <span class='ocrx_word' id='word_1_215' title='bbox 181 2415 301 2472; x_wconf 89' lang='lat' dir='ltr'><strong>decretis</strong></span> <span class='ocrx_word' id='word_1_216' title='bbox 315 2413 494 2486; x_wconf 72' lang='lat' dir='ltr'><strong>honestastis</strong></span> <span class='ocrx_word' id='word_1_217' title='bbox 506 2434 591 2472; x_wconf 90' lang='lat' dir='ltr'><strong>nemo</strong></span> <span class='ocrx_word' id='word_1_218' title='bbox 606 2423 649 2472; x_wconf 91' lang='lat' dir='ltr'><strong>cst</strong></span> <span class='ocrx_word' id='word_1_219' title='bbox 660 2415 817 2471; x_wconf 83' lang='lat' dir='ltr'><strong>adsecutus</strong></span> <span class='ocrx_word' id='word_1_220' title='bbox 853 2414 905 2470; x_wconf 83' lang='lat' dir='ltr'><strong>Ce-</strong></span> 
     </span>
     <span class='ocr_line' id='line_1_30' title="bbox 65 2492 905 2571; baseline -0.002 -20"><span class='ocrx_word' id='word_1_221' title='bbox 65 2494 134 2551; x_wconf 88' lang='lat' dir='ltr'><strong>teris</strong></span> <span class='ocrx_word' id='word_1_222' title='bbox 148 2494 224 2551; x_wconf 87' lang='lat' dir='ltr'><strong>enirn</strong></span> <span class='ocrx_word' id='word_1_223' title='bbox 235 2494 308 2552; x_wconf 91' lang='lat' dir='ltr'><strong>benc</strong></span> <span class='ocrx_word' id='word_1_224' title='bbox 322 2501 426 2571; x_wconf 87' lang='lat' dir='ltr'><strong>gestae,</strong></span> <span class='ocrx_word' id='word_1_225' title='bbox 438 2494 510 2551; x_wconf 91' lang='lat' dir='ltr'><strong>mihi</strong></span> <span class='ocrx_word' id='word_1_226' title='bbox 525 2495 574 2551; x_wconf 90' lang='lat' dir='ltr'><strong>uni</strong></span> <span class='ocrx_word' id='word_1_227' title='bbox 589 2500 769 2551; x_wconf 88' lang='lat' dir='ltr'><strong>conservatae</strong></span> <span class='ocrx_word' id='word_1_228' title='bbox 784 2495 823 2550; x_wconf 89' lang='lat' dir='ltr'><strong>rei</strong></span> <span class='ocrx_word' id='word_1_229' title='bbox 835 2492 905 2569; x_wconf 91' lang='lat' dir='ltr'><strong>pub-</strong></span> 
     </span>
     <span class='ocr_line' id='line_1_31' title="bbox 66 2572 904 2650; baseline -0.002 -19"><span class='ocrx_word' id='word_1_230' title='bbox 66 2573 136 2632; x_wconf 89' lang='lat' dir='ltr'><strong>licae</strong></span> <span class='ocrx_word' id='word_1_231' title='bbox 146 2574 366 2650; x_wconf 89' lang='lat' dir='ltr'><strong>gratulationem</strong></span> <span class='ocrx_word' id='word_1_232' title='bbox 381 2575 552 2631; x_wconf 82' lang='lat' dir='ltr'><strong>decrevistis</strong></span> <span class='ocrx_word' id='word_1_233' title='bbox 589 2580 635 2630; x_wconf 75' lang='grc'><strong>21.</strong></span> <span class='ocrx_word' id='word_1_234' title='bbox 649 2573 694 2629; x_wconf 87' lang='lat' dir='ltr'><strong>Sit</strong></span> <span class='ocrx_word' id='word_1_235' title='bbox 704 2572 801 2649; x_wconf 82' lang='lat' dir='ltr'><strong>Scipio</strong></span> <span class='ocrx_word' id='word_1_236' title='bbox 813 2572 904 2629; x_wconf 87' lang='lat' dir='ltr'><strong>clarus</strong></span> 
     </span>
     <span class='ocr_line' id='line_1_32' title="bbox 66 2652 904 2730; baseline -0.002 -20"><span class='ocrx_word' id='word_1_237' title='bbox 66 2653 122 2724; x_wconf 85' lang='lat' dir='ltr'><strong>ille,</strong></span> <span class='ocrx_word' id='word_1_238' title='bbox 135 2654 214 2711; x_wconf 89' lang='lat' dir='ltr'><strong>euius</strong></span> <span class='ocrx_word' id='word_1_239' title='bbox 228 2654 348 2711; x_wconf 88' lang='lat' dir='ltr'><strong>consilio</strong></span> <span class='ocrx_word' id='word_1_240' title='bbox 359 2661 445 2730; x_wconf 89' lang='lat' dir='ltr'><strong>atquc</strong></span> <span class='ocrx_word' id='word_1_241' title='bbox 456 2654 560 2711; x_wconf 90' lang='lat' dir='ltr'><strong>virtute</strong></span> <span class='ocrx_word' id='word_1_242' title='bbox 571 2652 717 2709; x_wconf 89' lang='lat' dir='ltr'><strong>Hannibal</strong></span> <span class='ocrx_word' id='word_1_243' title='bbox 731 2652 761 2709; x_wconf 93' lang='lat' dir='ltr'><strong>in</strong></span> <span class='ocrx_word' id='word_1_244' title='bbox 773 2652 904 2709; x_wconf 87' lang='lat' dir='ltr'><strong>Africam</strong></span> 
     </span>
     <span class='ocr_line' id='line_1_33' title="bbox 65 2732 905 2811; baseline -0.001 -22"><span class='ocrx_word' id='word_1_245' title='bbox 65 2732 157 2790; x_wconf 89' lang='lat' dir='ltr'><strong>redire</strong></span> <span class='ocrx_word' id='word_1_246' title='bbox 174 2741 260 2811; x_wconf 90' lang='lat' dir='ltr'><strong>atque</strong></span> <span class='ocrx_word' id='word_1_247' title='bbox 281 2754 315 2790; x_wconf 89' lang='lat' dir='ltr'><strong>cx</strong></span> <span class='ocrx_word' id='word_1_248' title='bbox 332 2733 416 2791; x_wconf 88' lang='lat' dir='ltr'><strong>ltalia</strong></span> <span class='ocrx_word' id='word_1_249' title='bbox 434 2733 569 2790; x_wconf 86' lang='lat' dir='ltr'><strong>decedere</strong></span> <span class='ocrx_word' id='word_1_250' title='bbox 590 2739 705 2789; x_wconf 88' lang='lat' dir='ltr'><strong>coactus</strong></span> <span class='ocrx_word' id='word_1_251' title='bbox 722 2740 772 2803; x_wconf 90' lang='lat' dir='ltr'><strong>est,</strong></span> <span class='ocrx_word' id='word_1_252' title='bbox 789 2739 905 2789; x_wconf 91' lang='lat' dir='ltr'><strong>ornetur</strong></span> 
     </span>
     <span class='ocr_line' id='line_1_34' title="bbox 66 2812 905 2890; baseline -0.004 -20"><span class='ocrx_word' id='word_1_253' title='bbox 66 2812 136 2870; x_wconf 87' lang='lat' dir='ltr'><strong>alter</strong></span> <span class='ocrx_word' id='word_1_254' title='bbox 150 2814 254 2870; x_wconf 85' lang='lat' dir='ltr'><strong>eximia</strong></span> <span class='ocrx_word' id='word_1_255' title='bbox 264 2812 347 2871; x_wconf 88' lang='lat' dir='ltr'><strong>laude</strong></span> <span class='ocrx_word' id='word_1_256' title='bbox 357 2813 521 2883; x_wconf 68' lang='lat' dir='ltr'><strong>Africanus</strong></span> <span class='ocrx_word' id='word_1_257' title='bbox 534 2813 583 2890; x_wconf 90' lang='lat' dir='ltr'><strong>qni</strong></span> <span class='ocrx_word' id='word_1_258' title='bbox 598 2813 668 2868; x_wconf 89' lang='grc'><strong>11111</strong></span> <span class='ocrx_word' id='word_1_259' title='bbox 682 2812 765 2868; x_wconf 90' lang='lat' dir='ltr'><strong>urbes</strong></span> <span class='ocrx_word' id='word_1_260' title='bbox 775 2812 843 2868; x_wconf 91' lang='lat' dir='ltr'><strong>hnic</strong></span> <span class='ocrx_word' id='word_1_261' title='bbox 854 2813 905 2867; x_wconf 91' lang='lat' dir='ltr'><strong>im-</strong></span> 
     </span>
     <span class='ocr_line' id='line_1_35' title="bbox 65 2891 905 2970; baseline -0.004 -20"><span class='ocrx_word' id='word_1_262' title='bbox 65 2893 146 2970; x_wconf 90' lang='lat' dir='ltr'><strong>perio</strong></span> <span class='ocrx_word' id='word_1_263' title='bbox 157 2893 363 2964; x_wconf 89' lang='lat' dir='ltr'><strong>infestissimas,</strong></span> <span class='ocrx_word' id='word_1_264' title='bbox 376 2893 582 2969; x_wconf 86' lang='lat' dir='ltr'><strong>Karthaginem</strong></span> <span class='ocrx_word' id='word_1_265' title='bbox 595 2892 846 2968; x_wconf 88' lang='lat' dir='ltr'><strong>Numantiamque,</strong></span> <span class='ocrx_word' id='word_1_266' title='bbox 859 2891 905 2947; x_wconf 91' lang='lat' dir='ltr'><strong>de-</strong></span> 
     </span>
     <span class='ocr_line' id='line_1_36' title="bbox 66 2971 905 3048; baseline -0.002 -19"><span class='ocrx_word' id='word_1_267' title='bbox 66 2972 142 3043; x_wconf 90' lang='lat' dir='ltr'><strong>levit,</strong></span> <span class='ocrx_word' id='word_1_268' title='bbox 154 2972 291 3030; x_wconf 89' lang='lat' dir='ltr'><strong>habeatur</strong></span> <span class='ocrx_word' id='word_1_269' title='bbox 302 2974 344 3029; x_wconf 86' lang='lat' dir='ltr'><strong>vir</strong></span> <span class='ocrx_word' id='word_1_270' title='bbox 358 2973 489 3048; x_wconf 86' lang='lat' dir='ltr'><strong>egregius</strong></span> <span class='ocrx_word' id='word_1_271' title='bbox 500 2973 615 3029; x_wconf 88' lang='lat' dir='ltr'><strong>Paullus</strong></span> <span class='ocrx_word' id='word_1_272' title='bbox 630 2972 684 3042; x_wconf 89' lang='lat' dir='ltr'><strong>ille,</strong></span> <span class='ocrx_word' id='word_1_273' title='bbox 697 2971 777 3028; x_wconf 91' lang='lat' dir='ltr'><strong>cuius</strong></span> <span class='ocrx_word' id='word_1_274' title='bbox 792 2991 905 3027; x_wconf 90' lang='lat' dir='ltr'><strong>currum</strong></span> 
     </span>
     <span class='ocr_line' id='line_1_37' title="bbox 66 3051 904 3129; baseline -0.004 -20"><span class='ocrx_word' id='word_1_275' title='bbox 66 3072 115 3109; x_wconf 85' lang='lat' dir='ltr'><strong>rex</strong></span> <span class='ocrx_word' id='word_1_276' title='bbox 136 3053 351 3128; x_wconf 88' lang='lat' dir='ltr'><strong>potentissimus</strong></span> <span class='ocrx_word' id='word_1_277' title='bbox 373 3053 518 3129; x_wconf 88' lang='lat' dir='ltr'><strong>quondam</strong></span> <span class='ocrx_word' id='word_1_278' title='bbox 543 3059 571 3109; x_wconf 89' lang='lat' dir='ltr'><strong>ct</strong></span> <span class='ocrx_word' id='word_1_279' title='bbox 595 3052 789 3109; x_wconf 87' lang='lat' dir='ltr'><strong>nobilissimus</strong></span> <span class='ocrx_word' id='word_1_280' title='bbox 803 3051 904 3108; x_wconf 90' lang='lat' dir='ltr'><strong>Perses</strong></span> 
     </span>
     <span class='ocr_line' id='line_1_38' title="bbox 66 3130 917 3208; baseline -0.006 -20"><span class='ocrx_word' id='word_1_281' title='bbox 66 3131 237 3203; x_wconf 85' lang='lat' dir='ltr'><strong>honestavit,</strong></span> <span class='ocrx_word' id='word_1_282' title='bbox 250 3132 287 3189; x_wconf 89' lang='lat' dir='ltr'><strong>sit</strong></span> <span class='ocrx_word' id='word_1_283' title='bbox 304 3140 417 3189; x_wconf 90' lang='lat' dir='ltr'><strong>aeterna</strong></span> <span class='ocrx_word' id='word_1_284' title='bbox 433 3132 524 3208; x_wconf 90' lang='lat' dir='ltr'><strong>gloria</strong></span> <span class='ocrx_word' id='word_1_285' title='bbox 537 3131 651 3202; x_wconf 86' lang='lat' dir='ltr'><strong>Marius,</strong></span> <span class='ocrx_word' id='word_1_286' title='bbox 665 3131 716 3206; x_wconf 92' lang='lat' dir='ltr'><strong>qui</strong></span> <span class='ocrx_word' id='word_1_287' title='bbox 730 3131 779 3186; x_wconf 87' lang='lat' dir='ltr'><strong>his</strong></span> <span class='ocrx_word' id='word_1_288' title='bbox 792 3130 917 3185; x_wconf 67' lang='lat' dir='ltr'><strong>ltaliam</strong></span> 
     </span>
     <span class='ocr_line' id='line_1_39' title="bbox 67 3207 942 3279; baseline -0.023 -10"><span class='ocrx_word' id='word_1_289' title='bbox 67 3211 215 3270; x_wconf 89' lang='lat' dir='ltr'><strong>obsidione</strong></span> <span class='ocrx_word' id='word_1_290' title='bbox 237 3219 265 3269; x_wconf 91' lang='lat' dir='ltr'><strong>et</strong></span> <span class='ocrx_word' id='word_1_291' title='bbox 287 3218 367 3271; x_wconf 90' lang='lat' dir='ltr'><strong>metu</strong></span> <span class='ocrx_word' id='word_1_292' title='bbox 392 3212 543 3272; x_wconf 78' lang='lat' dir='ltr'><strong>servitutis</strong></span> <span class='ocrx_word' id='word_1_293' title='bbox 560 3207 717 3279; x_wconf 72' lang='lat' dir='ltr'><strong>liberavit,</strong></span> <span class='ocrx_word' id='word_1_294' title='bbox 731 3207 942 3272; x_wconf 58' lang='lat' dir='ltr'><strong>sinuessam</strong></span> 
     </span>
    </p>
   </div>
   <div class='ocr_carea' id='block_1_3' title="bbox 0 0 999 3480">
    <p class='ocr_par' dir='ltr' id='par_1_4' title="bbox 0 0 999 3480">
     <span class='ocr_line' id='line_1_40' title="bbox 0 0 999 3480; baseline 0 0"><span class='ocrx_word' id='word_1_295' title='bbox 0 0 999 3480; x_wconf 95' lang='lat' dir='ltr'><strong> </strong></span> 
     </span>
    </p>
   </div>
  </div>
 </body>
</html>
