1988 3480
270 127 349 178 cnr.
366 126 546 188 xxx-xxx,
563 114 682 186 §31-'ex
867 127 900 174 ce

59 229 183 304 impetus
210 226 276 284 belli
304 227 341 283 ad
369 226 577 303 Cyzicenorum
603 227 718 285 moenia
745 227 899 286 exstitisset

58 326 177 383 eamque
198 306 297 363 urbem
319 307 373 363 sibi
394 306 575 365 Mithridates
594 307 681 364 Asiae
702 308 816 364 ianuam
836 308 899 367 fore

57 392 193 465 putasset,
207 406 263 463 qua
279 387 396 443 effracta
411 394 439 443 et
456 387 566 444 revulsa
581 393 644 444 tota
659 394 769 464 pateret
786 389 899 464 provin·

57 467 109 537 cia,
121 467 249 543 perfecta
263 486 280 522 a
292 466 411 523 Lucullo
425 466 494 523 hacc
509 474 576 523 suut
589 469 694 538 omnia,
704 474 737 524 ut
751 468 819 525 urbs
832 468 899 526 fide

57 547 231 602 lissimorum
252 547 394 602 sociorum
413 546 614 603 defenderetur
634 554 663 604 et
682 564 781 604 omnes
800 549 898 624 copiae

43 627 132 703 'regis
147 626 334 683 diuturnitate
349 626 521 683 obsessionis
535 636 776 685 consumerentur.
812 627 896 699 Quid,

56 706 134 762 illam
154 725 281 782 pugnarn
300 706 429 763 navalem
448 705 485 762 ad
501 706 658 777 Tenedum,
675 727 740 763 cum
762 715 897 764 contento

56 806 148 856 cursu,
161 786 304 842 acerrimis
320 785 449 857 ducibus,
461 785 589 843 hostium
606 786 701 844 classis
718 787 831 843 Italiam
844 801 898 864 spe

56 871 142 941 atque
163 866 266 922 animis
286 865 385 923 inflata
403 874 521 942 peteret,
537 867 674 924 mediocri
695 867 848 924 certamine
869 874 898 924 et

56 964 144 1022 parva
170 945 354 1003 dimicatione
383 947 566 1005 ¹commissam
598 947 762 1004 arbitraris?
811 947 897 1004 Mitto

57 1025 179 1100 proelia:
201 1033 346 1102 praetereo
369 1028 599 1104 oppugnationes
620 1027 801 1104 oppidorum.
843 1027 899 1084 Ex-

56 1104 154 1181 pulsus
173 1125 261 1182 regno
278 1107 395 1164 tandem
414 1107 568 1185 aliquando
587 1115 700 1165 tantum
717 1115 813 1164 tamen
833 1127 898 1164 con·
919 1175 921 1178 y

58 1185 120 1241 silio
135 1192 220 1262 atque
234 1188 404 1245 auctoritate
415 1188 511 1258 valuit,
522 1195 555 1244 ut
569 1208 598 1245 se
612 1207 678 1264 rege
693 1187 897 1244 Armeniorum

57 1265 191 1322 adiuncto
216 1267 299 1323 novis
324 1267 427 1344 opibus
451 1268 598 1344 copiisque
621 1267 770 1324 renovarit.
814 1266 896 1324 XVI.

57 1344 101 1401 Ac
116 1346 139 1401 si
150 1345 222 1402 mihi
234 1366 309 1403 nunc
320 1347 356 1404 de
370 1347 455 1404 rebus
464 1348 552 1424 gestis
567 1354 640 1404 essct
654 1346 744 1403 nostri
759 1347 898 1402 exercitus

58 1425 294 1501 imperatorisque
305 1427 467 1497 dicendum,
477 1427 600 1503 plurima
614 1434 642 1483 et
656 1427 781 1483 maxima
791 1425 899 1502 proelia

58 1522 280 1583 commemorare
293 1525 423 1582 possem:
442 1507 491 1562 sed
502 1525 560 1562 non
571 1507 601 1562 id
612 1506 731 1582 agimus.
768 1511 813 1562 34.
832 1505 897 1562 Hoc

58 1583 139 1639 dico:
163 1584 186 1640 si
200 1584 307 1640 bellum
321 1585 384 1654 hoc,
396 1586 419 1641 si
432 1585 488 1642 hoc
501 1585 601 1656 hostie,
612 1586 636 1641 si
650 1585 696 1641 illc
711 1605 758 1642 rex
774 1592 899 1642 contem-

58 1662 169 1720 nendus
185 1664 294 1735 fuisset,
311 1684 402 1741 neque
419 1672 499 1721 tanta
515 1684 582 1721 cura
600 1672 714 1721 senatus
730 1672 759 1721 et
775 1664 899 1740 populus

58 1743 205 1800 Romanus
233 1745 445 1821 suscipiendum
470 1752 597 1821 putasset
621 1763 713 1821 neque
740 1750 785 1800 tot
809 1763 899 1801 annos

58 1823 191 1900 gessisset
205 1843 297 1901 neque
313 1832 394 1881 tanta
407 1825 499 1902 gloria
512 1824 543 1881 L.
554 1824 703 1881 Lucullus:
725 1843 817 1900 neque
832 1844 898 1880 vero

58 1903 119 1961 eius
134 1904 200 1962 belli
215 1904 423 1962 conficiendum
441 1904 548 1961 exitum
563 1911 644 1961 tanto
662 1904 757 1961 studio
775 1904 899 1980 populus
950 1968 953 1976 ¹

57 1983 205 2041 Romanus
232 1985 269 2041 ad
292 1985 344 2042 Cn.
365 1984 538 2060 Pompeium
565 1984 730 2042 detulisset:
760 1984 840 2040 cuius
864 2004 898 2040 ex

58 2065 191 2122 omnibus
205 2065 318 2141 pugnis,
332 2084 402 2141 quae
420 2071 486 2121 sunt
501 2063 728 2134 innumerabiles,
741 2064 785 2121 vel
799 2064 899 2121 acerri-

57 2164 105 2201 ma
118 2144 190 2201 mihi
205 2145 317 2202 videtur
330 2145 386 2215 illa,
400 2164 471 2221 quae
485 2164 551 2201 cum
564 2164 630 2221 rege
645 2144 797 2200 commissa
813 2151 856 2200 est
870 2151 899 2201 et

58 2244 169 2281 summa
191 2225 376 2281 contentione
396 2231 531 2301 pugnata.
575 2223 638 2292 Qua
658 2244 692 2281 ex
713 2243 811 2300 pugna
833 2243 898 2280 cum

59 2324 88 2360 se
109 2303 156 2360 ille
178 2305 327 2380 eripuisset
348 2311 376 2361 et
395 2304 559 2381 Bosporum
578 2304 762 2380 confugisset,
776 2323 833 2379 quo
854 2323 898 2360 ex-

59 2384 162 2440 ercitus
176 2384 254 2440 adire
267 2403 326 2439 non
340 2391 445 2460 posset,
456 2385 541 2440 ctiam
556 2384 586 2439 in
601 2391 726 2440 extrema
740 2383 857 2439 fortuna
870 2389 898 2440 ct
984 2402 987 2409 ·

58 2465 129 2540 fuga
153 2483 259 2520 nomen
283 2471 378 2520 tamen
407 2465 525 2521 retinuit
548 2464 667 2539 regium.
711 2462 811 2538 Itaque
835 2463 898 2538 ipso

60 2543 216 2619 Pompeius
232 2563 321 2620 regno
338 2562 478 2619 possesso,
493 2563 527 2600 ex
545 2542 678 2599 omnibus
698 2542 755 2597 oris
773 2560 805 2596 ac
822 2541 899 2598 notis

60 2622 174 2678 sedibus
192 2623 275 2680 hoste
293 2623 385 2699 puls0,
401 2631 496 2680 tamen
515 2629 628 2679 tantum
649 2623 679 2677 in
699 2621 783 2677 unius
804 2622 900 2686 anima

59 2703 164 2778 posuit,
184 2709 224 2772 ut,
245 2723 310 2759 cum
336 2704 439 2772 omnia,
461 2722 532 2779 quae
554 2702 600 2758 ille
625 2706 762 2770 tenuerat,
783 2700 898 2771 adierat,

60 2789 193 2858 sperarat,
209 2783 328 2839 victoria
348 2783 513 2859 possideret,
528 2790 625 2839 tamen
646 2800 705 2836 non
727 2787 792 2837 ante
814 2799 899 2855 quam

59 2862 141 2918 illum
152 2863 211 2918 vita
224 2862 333 2938 expulit
345 2862 450 2919 bcllum
462 2862 624 2918 confectum
636 2860 776 2916 iudicarit.
812 2860 899 2916 Hunc

60 2949 92 2998 tu
111 2941 232 3011 hostem,
249 2941 330 3011 Cato,
346 2942 513 3010 contemnis,
530 2960 653 3018 quocum
674 2959 725 3015 per
745 2945 789 2996 tot
810 2958 900 2995 annos

60 3028 105 3079 tot
125 3022 241 3097 proeliis
263 3028 308 3078 tot
329 3022 513 3097 imperatores
535 3021 609 3077 bella
630 3019 796 3096 gesseruntl
810 3019 900 3075 vcuius

60 3101 170 3180 expulsi
192 3109 221 3159 et
241 3101 323 3158 eiecti
344 3102 404 3157 vita
424 3101 496 3158 tanti
517 3102 666 3162 aestimata
686 3107 737 3170 est,
755 3105 788 3156 ut
807 3105 903 3180 morte

60 3182 120 3240 cius
141 3183 273 3240 nuntiata
293 3187 356 3239 tum
375 3180 502 3260 denique
516 3180 634 3239 *mellum
652 3179 833 3236 eonteetum
848 3171 927 3223 mux-
