1988 3480
70 128 120 178 230
152 125 192 176 1n
209 125 246 175 Μ.
261 123 455 175 nummuli
470 122 608 175 onn'rlo
625 124 858 179 PHILIPPICA
876 129 899 180 l.
946 164 950 170 -

71 229 308 310 pissrrnrmlrl11‹·i
326 237 356 286 nt
371 226 498 304 suspicer
513 236 543 285 te
559 228 688 305 peennis
705 239 845 309 captum.
887 231 929 290 Li

70 319 116 367 eet
138 309 216 387 quud
238 310 341 386 enimn·
366 307 436 365 libet
457 306 599 385 loquatur.
641 308 781 369 Credere
803 331 865 369 nen
887 320 929 371 est

71 409 191 447 neeesse.
234 388 313 446 Nihil
328 389 404 445 eninr
421 405 558 465 umquam
575 387 606 444 in
623 394 657 446 te
672 389 846 463 sordidum,
858 391 928 450 nihil

71 468 179 526 humile
200 469 331 545 eugenii.
372 466 555 544 Quamquam
578 466 675 525 solent
697 468 863 529 domestici
882 471 927 530 de·

71 568 187 627 pravare
204 565 453 625 nonnumquam:
475 546 526 604 sed
546 546 615 604 neri
635 546 819 607 firmitatem
838 558 926 610 tunm.

72 630 168 706 Atque
185 629 297 686 utinam
318 638 348 684 ut
366 627 488 704 eulpam,
500 626 542 683 sie
556 626 643 684 etiarn
665 628 872 706 suspitionem
888 632 925 688 vi·

71 718 130 767 tare
140 709 301 787 potuisses!
333 707 414 764 xlv.
427 705 502 763 illud
512 706 607 783 magis
615 725 728 778 vereor,
734 727 776 767 ne
787 710 924 788 ignorans

72 809 168 846 venun
194 789 251 845 iter
271 787 379 863 gloriae
399 786 555 863 gloriosum
579 791 666 864 putoe
684 786 758 864 plus
778 797 814 847 te
835 810 923 848 unum

72 888 154 945 pesse
169 887 253 945 quarn
269 887 369 924 ornnes
382 876 411 924 et
424 866 515 923 metui
528 885 547 922 a
559 865 671 923 civibus
683 867 758 925 tuis:
796 868 886 939 de
898 871 923 926 si

72 948 112 1003 ita
127 956 220 1024 putas,
232 955 326 1003 tetam
343 947 457 1021 igmorns
472 945 548 1003 viam
568 945 684 1023 gloriae.
729 946 846 1007 Carum
863 969 923 1007 esse

71 1027 170 1097 civem,
182 1026 255 1083 bene
270 1026 306 1082 de
323 1045 352 1083 re
370 1025 485 1102 publiea
499 1025 612 1096 mereri,
621 1024 745 1097 laudari,
755 1027 828 1099 coli,
839 1028 921 1105 diligi

71 1105 227 1183 gloriosum
247 1113 309 1163 est:
331 1106 420 1163 metui
438 1123 504 1162 vero
521 1113 550 1163 et
567 1105 597 1162 in
618 1104 686 1162 odie
709 1124 774 1164 esse
797 1108 922 1166 invidie-

72 1206 144 1257 sum,
163 1185 341 1255 detestabile,
361 1184 546 1255 imbecillum,
563 1184 711 1242 caducum.
760 1192 813 1245 34.
834 1187 920 1257 Quod

72 1266 202 1325 videmus
221 1267 308 1324 etiam
329 1266 358 1322 in
378 1265 476 1322 fabula
495 1264 537 1321 illi
555 1264 621 1341 ipsi,
632 1264 682 1341 qui
700 1263 837 1338 Oderint,
849 1269 920 1324 dum

71 1355 207 1418 metuent,
217 1347 329 1416 dixerit,
337 1345 527 1423 pemieiesum
538 1344 635 1402 fuisse.
664 1342 921 1418 Utinam,M.An·

71 1427 142 1497 teni,
154 1447 239 1484 avum
256 1434 339 1484 tuum
355 1425 549 1482 meminisses!
570 1423 607 1481 de
621 1442 679 1501 qno
692 1429 795 1482 tamen
809 1427 918 1485 audisti
958 1497 961 1502 Ι

71 1506 163 1563 multa
180 1527 215 1564 ex
232 1526 278 1563 me
297 1525 385 1583 eaque
404 1504 576 1581 saepissime.
618 1503 746 1562 Putasne
762 1503 850 1564 illum
867 1507 919 1564 im·

71 1585 275 1643 mortalitatem
299 1586 401 1642 mereri
426 1584 558 1654 voluisse,
572 1590 605 1640 ut
627 1589 747 1660 prepter
767 1603 918 1645 armorum

71 1664 268 1723 habendorum
289 1665 434 1722 licentiam
455 1664 647 1721 metueretur?
687 1661 741 1720 Illa
762 1672 827 1724 erat
848 1667 919 1738 vita,

72 1745 123 1802 illa
134 1746 259 1803 secunda
268 1746 386 1802 fortuna
396 1744 526 1802 libertate
537 1762 597 1800 esse
607 1761 706 1820 parem
716 1744 831 1818 ceteris,
841 1747 918 1825 prin·

72 1826 166 1902 eipem
188 1825 336 1902 dignitate.
380 1823 488 1901 Itaque,
510 1830 543 1880 ιιι
571 1823 704 1880 omittam
728 1841 778 1881 res
799 1827 849 1884 avi
874 1827 920 1885 tui

72 1924 229 1982 prosperas,
241 1903 457 1964 aeerbissimum,
468 1904 528 1961 eius
543 1921 707 1982 supremum
721 1902 799 1961 diem
814 1906 918 1965 malim

72 2003 158 2060 quam
175 1983 206 2040 L
217 1983 327 2039 Cinnae
344 1983 563 2055 dominatum‚a
580 2002 637 2061 quo
653 1982 701 2040 ille
718 1983 920 2045 crudelissime
953 2004 955 2009 ·

72 2069 115 2120 est
128 2062 304 2119 interfectus.
832 2126 834 2130 ,

113 2149 159 2198 35.
175 2140 232 2198 Sed
247 2140 317 2218 qnid
331 2140 460 2199 eratione
473 2148 504 2199 te
516 2141 649 2200 flectam!
682 2141 714 2201 Si
727 2142 806 2201 euim
820 2146 920 2205 exitus

72 2222 105 2280 Ο.
121 2221 248 2279 Caesaris
268 2219 377 2278 efficere
398 2240 457 2278 uon
479 2230 575 2299 petest
595 2230 628 2280 ut
647 2223 731 2281 malis
750 2243 833 2283 esras
855 2245 921 2286 esse

73 2322 159 2381 quam
181 2302 280 2372 metui,
295 2300 368 2358 nihil
389 2301 557 2380 cuiusquam
580 2303 711 2380 proficiet
732 2322 785 2362 nee
807 2304 920 2366 valebit

73 2384 172 2441 oratio.
215 2382 307 2452 Quem
322 2382 372 2460 qui
385 2380 503 2439 beatum
519 2383 609 2441 fuisse
624 2383 844 2460 putantmiseri
859 2385 921 2464 ipsi

73 2470 147 2520 sunt.
189 2462 297 2520 Beatus
319 2469 363 2519 est
384 2482 479 2534 neme,
498 2463 547 2540 qui
570 2482 604 2520 ea
624 2464 687 2540 lege
704 2464 783 2535 vivit,
798 2473 833 2524 ιιι
854 2484 919 2524 nen

72 2542 161 2600 mede
182 2543 310 2620 impune,
324 2544 374 2601 sed
391 2543 477 2601 etiam
498 2562 564 2600 eum
589 2563 702 2601 sunnna
721 2543 921 2604 interfeetoris

72 2623 164 2699 gloria
184 2621 305 2680 interfici
326 2623 425 2699 pessit.
467 2621 531 2692 Qua
549 2642 579 2680 re
599 2622 682 2680 flecte
702 2632 740 2692 te,
756 2643 871 2700 quaese,
887 2632 921 2684 et

73 2703 194 2760 maiores
215 2711 281 2760 tuos
299 2704 407 2780 respiee
429 2710 515 2780 atque
533 2703 574 2760 ita
594 2703 800 2779 gubernarem
822 2704 920 2780 publi·

73 2801 144 2853 eam,
154 2790 188 2840 ut
204 2789 304 2840 netum
322 2802 382 2840 esse
398 2791 428 2840 te
444 2783 519 2839 cives
536 2783 579 2839 tui
595 2783 756 2859 gaudeant:
778 2782 839 2840 siue
857 2803 921 2860 que

74 2882 125 2919 nee
143 2861 245 2920 beatus
264 2881 316 2919 nec
335 2863 426 2920 clarus
442 2881 494 2918 nee
511 2869 592 2919 tutus
608 2863 759 2940 quisquam
777 2881 837 2919 esse
855 2882 919 2921 orn·

73 2943 142 2999 nino
157 2949 262 3020 petest.
288 2983 290 2987 .
904 2949 906 2953 '

114 3022 182 3081 XV.
219 3027 265 3080 36.
284 3021 389 3098 Populi
411 3020 526 3098 quidem
551 3020 675 3079 Romani
696 3022 802 3079 iudicia
823 3022 917 3082 multa

74 3102 159 3160 ambo
178 3101 297 3171 habetis,
317 3100 420 3177 quibus
436 3119 487 3157 vos
507 3120 566 3157 non
588 3101 656 3158 satis
676 3102 784 3159 moveri
803 3120 915 3177 perme

75 3180 143 3239 leste
159 3181 232 3241 fero.
273 3180 350 3251 Quid
367 3181 445 3238 enim
461 3179 671 3256 gladiatoribus
686 3180 922 3235 elamuues'mnxs
