1988 3480
75 102 118 149 ltll
269 100 339 151 l'llO
358 102 386 151 1..
402 101 554 152 ltl'ltlta'a
569 100 716 151 oua‘rlo.

72 220 128 257 uon
145 201 240 265 fuisso,
250 202 304 258 nisi
320 202 400 279 prius
413 201 449 259 do
463 221 548 259 cerusa
561 200 724 273 iudicasset,
737 200 880 281 iniquam
894 204 931 261 le·

71 300 145 353 gom,
158 280 273 349 iudices,
286 290 315 339 et
332 282 463 339 miseram
480 281 679 339 condicionem
695 280 842 341 instituet
856 286 932 361 peri·

72 360 142 416 aulis
164 360 321 425 lrominum,
340 362 364 417 si
385 361 559 419 existimabit
579 360 720 418 iudicium
745 366 929 421 accusatoris

72 441 101 497 in
118 460 195 496 remu
212 459 263 516 pro
278 441 373 518 aliquo
388 442 562 518 praeiudicio
577 440 668 497 valere
683 448 833 518 oportere.

113 512 230 577 xxm:
251 520 312 591 ligo
327 532 408 578 taum
424 520 583 591 eonsilium,
593 520 675 588 Cato,
687 528 815 598 propter
829 524 928 601 singu-

72 600 128 657 lare
149 600 237 657 animi
260 602 316 656 arei
337 601 372 657 (lc
393 612 443 658 tua
463 601 568 657 virtuto
589 600 737 670 iudicium,
757 601 927 679 vituperare

73 674 143 753 {nou
161 678 308 757 possuml:
331 700 389 736 uon
407 680 484 737 nulla
501 680 620 736 forsitan
638 680 826 738 conformare
845 690 877 739 et
891 682 925 739 le

73 761 145 817 riter
166 760 315 817 euremlare
336 761 452 836 possim.
495 759 566 816 Non
587 759 680 815 aiala
697 778 807 833 peceat,
826 762 927 838 inquit

72 839 119 895 illc
137 841 295 896 fortissimo
313 840 374 897 viro
391 840 485 897 senior
502 840 644 915 magister,
659 839 715 908 aed,
730 839 757 895 ei
768 859 885 913 peccas,
902 849 927 897 te

72 938 163 991 repere
182 938 307 991 possam.
357 920 398 977 At
423 939 477 994 ego
503 939 599 976 nonne
624 919 770 977 verissime
795 919 925 983 dixerim

71 1018 188 1075 peccare
203 1009 231 1053 to
246 998 317 1054 nihil
334 1018 424 1075 neque
443 999 499 1056 ulla
513 1000 543 1055 in
558 1019 587 1056 re
601 1007 630 1056 te
647 1018 707 1055 esse
721 998 810 1055 huius
827 1000 923 1072 modi,

73 1085 105 1134 ut
119 1078 302 1149 corrigendus
319 1080 416 1155 potius
434 1099 519 1156 quam
533 1079 633 1136 leviter
649 1077 843 1137 inflectendus
861 1100 925 1139 esse

72 1158 203 1214 videarcl
238 1158 334 1215 Finxit
348 1160 425 1215 enim
440 1169 468 1216 te
483 1160 545 1235 ipsa
559 1167 660 1215 natura
673 1157 710 1214 ad
724 1156 923 1233 honestatem,

72 1239 250 1315 gravitatem,
266 1239 492 1316 temperantiam,
511 1238 740 1315 magnitudinem
761 1239 864 1311 animi,
881 1241 925 1297 iu-

73 1319 190 1388 stitiam,
199 1319 235 1375 ad
247 1338 345 1376 omnes
357 1319 479 1395 denique
491 1319 610 1375 virtutes
620 1336 757 1393 magnum
766 1316 923 1377 hominem

74 1408 103 1456 et
120 1399 268 1455 excelsum.
312 1399 441 1455 Accessit
456 1399 529 1455 istuc
546 1398 676 1455 doctrina
692 1416 750 1454 non
767 1398 924 1457 moderata

74 1498 125 1535 nec
141 1478 227 1547 mitis,
240 1478 297 1548 sed,
309 1486 341 1535 ut
355 1478 426 1534 milii
441 1479 561 1549 videtur,
573 1477 669 1554 paullo
683 1476 809 1553 asperior
824 1484 855 1535 et
868 1479 925 1536 du·

74 1559 131 1614 rior
150 1578 234 1634 quam
255 1558 357 1614 veritas
376 1566 425 1614 aut
443 1565 544 1615 natura
562 1558 677 1634 patitur.
721 1561 767 1613 61.
790 1555 832 1614 Et
849 1577 924 1635 quo-

75 1639 151 1694 niam
169 1658 226 1695 non
245 1646 287 1696 est
304 1638 387 1695 nobis
404 1638 473 1695 haec
490 1638 582 1694 oratio
600 1637 731 1694 habenda
748 1636 786 1694 ad
802 1637 924 1714 imperi·

74 1728 134 1775 tam
148 1719 362 1775 multitudinem
378 1719 468 1775 autin
483 1717 579 1795 aliquo
594 1724 735 1774 conventu
749 1718 921 1792 agrestium,

74 1799 208 1854 audacius
222 1798 318 1874 paullo
333 1798 368 1854 de
387 1799 489 1855 studiis
503 1797 698 1867 humanitatis,
711 1815 782 1874 quac
800 1802 829 1853 et
844 1796 922 1856 mihi

76 1885 105 1933 ct
119 1877 199 1933 vobis
214 1885 283 1948 nota
297 1884 326 1933 et
340 1878 464 1934 iucunda
477 1886 552 1948 sunt,
565 1877 726 1953 disputabo
766 1875 799 1932 In
814 1875 854 1934 M.
865 1876 922 1935 Ca-

74 1963 150 2024 tone,
162 1955 356 2025 iudices,l1aec
370 1956 446 2014 bona
461 1977 532 2034 quae
543 1957 672 2014 videmus
687 1957 783 2013 divina
797 1962 826 2013 et
840 1975 922 2033 egre-

75 2036 122 2111 gia
138 2035 228 2110 ipsius
245 2036 346 2092 scitote
365 2056 424 2094 csse
441 2038 572 2114 propria:
596 2056 666 2114 quac
683 2056 741 2093 non
758 2055 919 2111 numquam

75 2114 252 2191 requirimus,
273 2134 306 2171 ea
328 2124 393 2174 sunt
416 2118 512 2175 omnia
534 2137 591 2175 non
615 2137 632 2174 a
653 2123 760 2186 natura,
779 2135 879 2172 vermn
901 2135 920 2173 a

75 2194 219 2270 magistre.
263 2194 329 2253 Fuit
350 2192 432 2254 enim
449 2199 568 2274 quidam
592 2216 705 2254 summo
726 2195 842 2272 ingenio
864 2196 917 2265 vir,

75 2274 160 2344 Zen0,
178 2275 258 2331 cuius
280 2276 461 2335 inventorum
485 2278 590 2335 aemuli
611 2277 701 2335 Stoici
722 2275 916 2333 nominantur.

76 2355 171 2411 Huius
188 2357 345 2414 sentcntiae
362 2365 430 2415 sunt
447 2365 476 2415 et
492 2363 643 2434 praccepta
662 2357 721 2414 eius
739 2355 828 2425 modi,
844 2355 920 2432 sapi·
944 2416 948 2425 ,

76 2442 171 2492 entem
182 2436 274 2512 gratia
283 2456 440 2514 numquam
451 2436 567 2506 moveri,
577 2455 733 2512 numquam
748 2436 918 2511 cuiusquam

76 2515 181 2572 delicto
200 2516 363 2592 ignoscere:
386 2517 529 2574 neminem
549 2515 761 2572 misericordem
781 2533 841 2571 esse
860 2514 919 2572 nisi

76 2596 195 2652 stultum
211 2603 239 2652 ct
254 2595 361 2654 levem:
381 2597 434 2653 viri
448 2615 506 2652 non
522 2613 581 2651 0000
595 2614 687 2671 neque
702 2595 809 2652 exorari
824 2612 918 2670 neque

76 2674 197 2750 placari:
226 2675 302 2732 solos
326 2677 467 2752 sapientes
492 2692 559 2743 0000,
580 2673 604 2730 οὶ
629 2674 824 2732 distortissimi
848 2673 916 2745 sint,

76 2754 239 2810 formosos:
268 2755 292 2811 si
316 2752 528 2824 mendicissimi,
549 2753 669 2811 divites:
699 2755 722 2810 si
751 2754 916 2811 servitutem

77 2833 207 2902 serviant,
220 2853 316 2910 reges:
336 2854 389 2891 nos
403 2840 508 2903 autem,
519 2833 567 2909 qui
580 2834 722 2910 sapientes
735 2853 793 2890 non
809 2853 915 2904 sumus,

76 2912 224 2989 fugitivos,
233 2914 349 2984 casulae,
358 2914 462 2983 hostes,
471 2913 585 2969 insanos
596 2913 719 2989 denique
730 2933 789 2970 csse
800 2913 915 2971 dicunt:

78 2992 175 3048 omnia
188 3000 304 3069 peccata
317 3012 377 3050 0000
391 2992 485 3069 paria:
506 3010 590 3049 omne
601 2993 736 3050 delictum
752 2993 841 3050 scelus
856 3011 916 3051 esse

77 3071 218 3127 nefarium
229 3092 280 3130 nec
294 3073 389 3129 minus
400 3070 562 3146 delinquere
576 3091 649 3144 eum,
661 3072 710 3149 qui
720 3072 825 3148 gallum
838 3072 917 3148 galli·

41 3163 43 3167 ‘
77 3166 204 3219 naccum,
215 3169 279 3207 cum
295 3170 367 3226 opus
382 3169 440 3207 non
454 3148 548 3218 fuerit,
560 3170 643 3226 quam
660 3171 733 3217 curn,
745 3152 792 3227 qui
804 3158 914 3226 pat-rem
