1988 3480
239 121 317 170 cnr.
334 121 581 181 xxx-xxxin,
598 119 611 179 ς
627 123 715 170 rc-aa.
850 124 897 170 261
944 105 946 110 '

60 221 141 280 Nihil
156 241 259 300 queror
275 222 311 278 de
324 220 482 292 Dolabella,
495 222 544 298 qui
560 228 623 278 tum
641 228 683 278 est
700 220 847 298 impulsus,
857 222 900 278 in-

61 303 171 372 ductus
184 301 285 358 clusus.
321 300 385 369 Qua
398 302 427 358 in
442 320 471 358 re
487 309 593 378 quanta
605 302 694 358 fuerit
708 308 826 378 uterque
840 321 899 358 ves

59 390 135 439 trum
145 380 265 458 perfidia
275 381 304 437 in
313 381 491 438 Dolabellam
504 382 567 458 quis
578 382 709 458 ignorati
727 380 773 439 ille
785 381 899 438 induxit

60 468 93 518 ut
107 468 224 538 poteret,
236 460 283 517 ille
298 462 469 537 promissum
485 468 514 518 et
527 468 673 538 receptum
688 462 848 518 intervertit
862 461 899 518 ad

60 559 146 617 seque
163 541 324 597 transtulit:
346 548 379 597 tu
399 541 458 598 eius
475 540 610 617 perfidiae
628 540 803 597 voluntatem
818 547 898 597 tuam

60 621 235 697 ascripsisti„
265 621 396 679 Veniunt
414 620 560 678 Kalendae
581 620 744 677 Ianuariae:
769 621 899 696 cogimur

59 701 90 757 in
108 701 245 770 senatum,
256 699 384 757 invectus
398 707 441 757 est
455 701 599 777 copiosius
614 699 707 756 multo
721 700 752 756 in
767 700 852 756 istum
871 707 900 758 et

59 780 185 856 paratius
201 779 352 837 Dolabella
368 799 454 856 quarn
471 799 546 837 nuno
561 799 622 856 ego.
667 786 712 837 80.
729 780 786 836 Hic
803 787 899 836 autem

59 861 148 922 iratus
163 879 234 936 quae
249 860 330 931 dixit,
343 860 373 916 di
388 860 473 917 boni!
515 860 645 917 Primum
660 879 725 916 cum
740 859 844 916 Caesar·
857 879 900 916 os-

59 940 198 997 tendisset
219 959 256 1009 se,
268 940 348 1017 prius
369 960 454 1017 quam
475 939 707 1016 proficisceretur,
719 938 899 997 Dolabellam
933 954 935 957 ’

60 1020 205 1077 consulem
219 1039 279 1077 esse
290 1021 448 1077 iussurum:
471 1039 555 1097 quem
570 1026 677 1096 negant
691 1039 795 1097 regem,
806 1021 855 1097 qui
870 1028 900 1077 et

59 1100 165 1170 faceret
180 1119 291 1176 semper
305 1101 365 1157 eius
381 1100 462 1157 modi
476 1100 584 1177 aliquid
599 1108 627 1157 et
642 1100 756 1170 diceret,
769 1101 819 1157 sed
833 1120 899 1157 cum
918 1133 923 1142 ·

59 1179 162 1237 Caesar
176 1180 217 1237 ita
230 1180 357 1251 dixisset,
369 1188 432 1236 tum
447 1181 494 1237 hio
507 1180 600 1237 bonus
615 1199 706 1256 augur
719 1199 753 1237 eo
769 1199 797 1236 se
812 1199 900 1237 sacer·

59 1260 139 1317 dotio
157 1261 319 1337 praeditum
341 1280 401 1317 esse
422 1260 504 1329 dixit,
516 1266 549 1315 ut
566 1260 684 1316 comitia
704 1259 838 1334 auspiciis
856 1259 899 1316 vel

59 1340 204 1416 impedire¹
217 1340 262 1396 vel
278 1340 378 1396 vitiare
399 1346 504 1416 posset,
520 1338 606 1415 idqne
624 1358 653 1395 se
674 1339 818 1395 facturum
839 1358 899 1396 esse

59 1419 242 1476 adseveravit.
285 1419 319 1474 ln
338 1438 395 1496 quo
415 1419 542 1495 primum
562 1418 759 1475 incredibilem
780 1419 900 1495 stupidi-

59 1506 148 1556 tatem
170 1498 295 1555 homiuis
316 1499 488 1576 cognoscite.
508 1552 514 1561 ,
533 1505 578 1556 81.
594 1498 672 1567 Quid
693 1499 788 1556 enirnl
812 1499 898 1570 istud,

61 1579 139 1655 quod
152 1586 181 1636 te
198 1578 348 1636 sacerdotii
365 1580 426 1636 iure
442 1579 535 1636 facere
549 1598 633 1656 posse
650 1578 756 1650 dixisti,
769 1579 792 1635 si
809 1598 900 1656 augur

59 1678 118 1715 non
143 1678 217 1716 esses
241 1665 270 1716 et
294 1659 392 1716 consul
413 1678 495 1729 esses,
510 1660 606 1716 minus
626 1659 719 1716 facere
739 1659 899 1734 potuisscsl

59 1739 136 1797 Vide
150 1759 186 1796 nc
201 1745 229 1796 et
217 1739 287 1795 tiam
301 1739 421 1797 facilius.
465 1739 526 1796 Nos
540 1740 616 1796 enim
631 1739 841 1796 nuntiationem
857 1759 899 1795 so-

59 1818 118 1875 lum
136 1819 281 1890 habemus,
294 1819 473 1876 consulest
445 1826 473 1877 et
492 1819 593 1912 reliqui
611 1819 795 1896 magistratus
812 1819 898 1876 etiam

60 1907 138 1976 spect
140 1900 243 1956 ionem
285 1899 373 1958 Esto:
394 1899 476 1957 hoc
469 1900 618 1976 1mperite:
640 1919 692 1956 nec
709 1900 786 1956 enim
803 1906 846 1957 est
862 1899 898 1956 ab

59 1979 175 2037 homine
192 1999 349 2072 numquam
367 1979 462 2037 sobrio
479 1963 660 2072 postulanda
671 1979 832 2056 prudentia,
848 1980 898 2037 sed

58 2060 152 2118 videte
123 2060 332 2137 timpudent¹
322 2080 391 2118 ram.
433 2061 515 2117 Mult'
495 2068 533 2118 trs
553 2067 619 2118 ante
639 2060 814 2117 mensibus
806 2079 837 2116 ιιι
858 2079 899 2116 se-

58 2147 107 2197 nat
108 2160 127 2197 u
95 2141 222 2197 tdixit
243 2160 272 2197 se
292 2140 459 2198 Dolabellae
480 2141 597 2208 comitia
618 2147 668 2197 aut
684 2139 897 2216 prohibiturum

59 2220 192 2296 auspiciis
216 2226 265 2276 aut
286 2219 317 2276 id
337 2220 481 2276 facturum
506 2220 673 2297 essequod
696 2221 773 2277 fecit.
816 2219 898 2288 Quis-

60 2316 182 2374 quamne
199 2299 326 2354 divinare
343 2306 446 2374 potest
456 2298 526 2374 quid
542 2300 605 2355 vitii
622 2300 652 2354 in
670 2300 803 2375 auspiciis
820 2301 898 2356 futu-

59 2397 123 2434 rum
144 2377 189 2447 sit,
201 2377 257 2433 nisi
276 2377 325 2453 qui
346 2377 381 2433 de
403 2377 480 2434 caclo
501 2396 610 2434 servare
631 2379 798 2434 constituitl
820 2379 898 2454 quod

59 2475 151 2534 neque
171 2456 237 2513 licet
258 2457 382 2513 'comitiis
402 2476 454 2533 per
473 2456 557 2532 leges,
574 2464 610 2527 ct,
624 2457 672 2532 qui
694 2457 823 2528 servavit,
839 2477 897 2513 non

59 2537 184 2592 comitiis
208 2536 321 2607 habitis,
340 2535 390 2593 sed
414 2536 493 2611 prius
518 2554 603 2612 quarn
628 2535 793 2606 habeantur,
812 2537 898 2604 debet

59 2617 197 2673 nuntiare.
227 2616 335 2674 Verum
347 2616 493 2693 implicata
503 2615 652 2671 inscientia
665 2616 844 2692 impudentia
855 2624 898 2673 est

59 2713 111 2751 nec
125 2696 178 2752 scit
190 2695 268 2772 quod
282 2715 418 2772 augurem
435 2713 487 2751 nec
501 2695 572 2752 facit
587 2695 665 2771 quod
679 2695 836 2772 pudentem
851 2697 898 2753 de·

60 2781 112 2831 cet.
156 2781 201 2832 82.
220 2776 321 2851 Itaque
342 2795 376 2832 ex
393 2776 443 2832 illo
460 2775 507 2832 die
524 2775 790 2832 recordamini'eius
807 2795 897 2852 usque

61 2854 96 2910 ad
110 2854 178 2911 ldus
190 2855 307 2911 Martias
320 2854 508 2912 consulatum.
551 2854 622 2922 Quis
637 2875 774 2932 umquam
787 2855 898 2932 appari·

59 2939 105 2989 tor
120 2940 180 2990 tam
197 2934 392 3005 humiliatam
410 2934 553 2992 abiectus?
594 2934 674 2991 Nihil
692 2936 753 3011 ipse
767 2942 896 3011 poterat:

60 3013 157 3070 omnia
173 3013 307 3090 rogabat:
329 3022 416 3091 caput
429 3015 460 3072 in
477 3034 603 3071 aversam
617 3015 746 3072 lecticam
761 3015 895 3083 inserens,

58 3092 195 3150 beneficia
209 3114 280 3170 quae
294 3095 428 3152 venderet
442 3114 458 3151 a
473 3094 581 3171 collega
591 3094 713 3170 petebat.
750 3093 901 3149 XXXUL

58 3172 131 3230 Ecce
146 3173 310 3230 Dolabellae
325 3175 514 3233 cornitiorum
528 3175 611 3232 dies:
631 3173 753 3228 sorbus
762 3180 921 3242 quaeret&
