1988 3480
352 135 431 186 cnr.
448 135 577 198 ix.-xr.,
593 134 607 195 s
622 137 712 186 asso.
922 142 952 188 ιι

112 238 201 315 igitur
211 235 267 293 hoc
277 235 395 293 homino
410 236 544 293 scientior
554 256 691 313 nmquam
702 243 752 294 aut
762 237 820 294 fuit
831 244 880 295 aut
894 257 953 297 csse

112 318 231 375 debuitl
250 317 329 393 quie
344 316 412 373 ludo
427 322 513 392 atquc
528 336 543 373 e
557 317 695 393 pueritiae
710 317 868 395 disciplinis
878 318 953 376 bello

112 398 240 454 maximo
251 404 336 473 atque
351 397 495 453 acerrimis
506 395 637 453 hostibus
650 397 688 453 ad
698 398 787 474 patris
798 399 952 455 exercitum

112 485 199 555 atque
221 477 251 532 in
269 476 388 533 militiae
408 476 589 553 disciplinam
607 477 754 553 profectus
774 484 826 549 est,
843 479 892 555 qui
909 498 953 536 cx·

112 564 205 614 trema
218 556 341 632 pueritia
357 555 439 613 miles
456 557 486 612 in
501 557 625 614 exercitu
642 557 700 614 fuit
714 559 819 614 summi
835 558 954 634 impera-

112 638 192 708 toris,
204 637 320 693 incunte
335 636 527 694 adolescentia
540 637 658 693 maximi
672 637 733 714 ipse
750 638 889 695 exereitus
903 639 954 694 im-

113 724 235 794 perator,
249 717 298 793 qni
315 717 428 792 saepius
444 735 510 773 cum
531 715 614 773 hoste
631 716 760 774 conflixit
777 736 862 793 quam
880 719 954 794 quis-

114 817 200 874 quam
224 816 290 854 cum
315 797 433 853 inimico
460 797 643 867 concertavit,
660 796 742 874 plura
765 796 840 854 bolla
865 798 953 874 gessit

113 897 200 954 qnam
208 877 294 934 cetcri
305 876 444 953 legerunt,
455 877 549 954 plures
560 877 720 953 provincias
731 877 856 934 confecit
868 897 952 954 quam

113 957 162 1014 alii
183 957 415 1033 concupiverunt,
431 958 512 1015 cuius
532 956 724 1014 adolescentia
747 957 784 1014 ad
804 957 953 1014 scientiam

113 1038 154 1094 rei
168 1037 300 1094 militaris
314 1056 372 1093 non
387 1037 487 1095 alienis
497 1038 664 1115 praeceptis,
680 1037 730 1094 sed
744 1037 802 1094 suis
816 1037 951 1114 imperiis,

113 1135 172 1173 non
190 1117 397 1175 offensionibus
413 1118 490 1190 belli,
503 1117 552 1175 sed
569 1117 704 1189 victoriis,
717 1137 775 1175 non
793 1117 951 1194 stipendiis,

113 1197 164 1253 scd
175 1197 329 1274 triumphis
343 1205 386 1255 est
401 1199 519 1256 erudita
555 1197 642 1266 Quod
653 1198 775 1275 denique
789 1217 880 1274 genus
893 1216 953 1254 esse

113 1277 182 1334 belli
195 1285 299 1354 potest,
312 1279 341 1335 in
360 1298 416 1355 quo
434 1278 514 1335 illum
533 1297 592 1334 non
609 1278 766 1335 exercuerit
782 1278 900 1334 fortuna
913 1277 953 1333 rci

113 1357 264 1433 publicanl
309 1358 407 1428 Ciuile,
432 1358 611 1428 Africanum,
634 1357 862 1434 Transalpinum,
887 1357 950 1413 His-

114 1438 250 1512 paniense
264 1438 387 1494 mixtum
405 1457 439 1494 ox
456 1437 566 1497 civibus
583 1446 669 1515 atque
683 1457 717 1494 ex
733 1437 954 1495 bellicosissimis

115 1517 288 1589 nationibus,
311 1517 418 1586 servile,
437 1517 534 1572 navale
559 1517 674 1587 bellum,
692 1518 769 1574 varia
792 1525 822 1574 et
844 1518 953 1574 divorsa

114 1615 220 1671 genera
236 1602 264 1652 et
281 1595 419 1652 bellorum
437 1602 466 1651 ct
482 1595 617 1666 hostium,
634 1615 692 1652 non
710 1597 802 1652 solum
821 1604 901 1672 gesta
918 1596 953 1653 ab

115 1674 171 1731 hoc
188 1695 254 1746 nnc,
270 1675 320 1731 sod
337 1676 423 1731 etiam
441 1675 579 1743 confecta,
591 1675 699 1731 nnllam
713 1694 772 1732 rem
791 1695 850 1732 esse
865 1676 954 1733 decla-

115 1762 180 1812 rant
196 1755 226 1810 in
243 1775 296 1811 usu
316 1755 441 1832 positam
461 1754 587 1826 militari,
604 1773 675 1831 quae
695 1754 781 1812 huius
797 1755 850 1812 viri
867 1756 953 1829 scien·

114 1835 185 1891 tiam
200 1835 299 1910 fugere
314 1835 412 1911 possit.

155 1914 208 1972 XI.
245 1921 290 1972 29.
310 1914 371 1971 lam
392 1933 459 1971 vero
475 1914 576 1971 virtuti
597 1913 648 1972 Cn.
662 1913 795 1991 Pompeii
816 1933 888 1992 quae
904 1934 953 1992 po·

114 2001 172 2052 test
189 1995 279 2051 oratio
300 2014 352 2071 par
371 1995 509 2052 inveniri?
550 1994 628 2062 Quid
644 1999 687 2052 est
704 1995 782 2071 qnod
803 1996 953 2072 quisquam

36 2131 40 2138 ,
115 2082 165 2132 ant
181 2075 230 2131 illo
245 2075 365 2152 dignum
383 2083 432 2132 aut
448 2074 530 2131 vobis
544 2094 650 2131 novum
665 2080 715 2132 aut
729 2076 861 2152 cuiquam
876 2077 954 2132 inan-

114 2154 209 2212 ditum
226 2156 316 2232 possit
333 2155 462 2213 adferre?
503 2155 607 2231 Neque
620 2155 697 2218 enim
714 2154 778 2212 illae
795 2162 861 2212 sunt
878 2155 953 2212 solae

115 2235 235 2292 virtutos
249 2236 455 2311 imperatoriae,
469 2254 540 2311 quae
554 2235 640 2311 vulgo
655 2235 862 2306 existimantur,-
874 2235 954 2292 labor

116 2315 145 2371 in
163 2315 295 2391 negotiis,
308 2315 452 2372 fortitudo
469 2315 499 2371 in
516 2315 657 2391 periculis,
669 2315 810 2372 industria
823 2316 853 2371 in
870 2327 954 2391 agen·

116 2394 162 2464 do,
175 2395 302 2452 celeritas
316 2395 346 2450 in
358 2394 543 2465 conficiendo,
554 2394 704 2452 consilium
719 2395 749 2451 in
760 2394 952 2471 providendo:

117 2493 188 2550 quac
205 2481 286 2531 tanta
306 2480 372 2530 sunt
388 2475 418 2530 in
436 2474 491 2530 boc
507 2493 574 2544 unc,
590 2481 698 2550 quanta
713 2475 743 2530 in
764 2474 898 2531 omnibus
914 2492 955 2530 rc

116 2553 202 2630 liquis
223 2553 450 2630 imperatoribus,
469 2573 540 2630 quos
559 2562 609 2610 aut
629 2554 753 2611 vidimus
777 2561 827 2610 aut
847 2553 955 2610 audivi-

116 2652 188 2704 mus,
204 2653 262 2690 non
283 2634 407 2700 luerunt.
452 2639 497 2690 30.
516 2632 609 2690 Testis
630 2641 673 2690 est
694 2633 784 2703 ltalia,
800 2652 887 2709 quam
907 2632 954 2689 ille

117 2712 178 2787 ipsc
195 2714 286 2770 victor
302 2713 333 2770 L.
346 2713 424 2770 Sulla
440 2713 525 2770 huius
539 2713 644 2770 virtute
660 2719 689 2770 et
704 2713 830 2770 subsidio
845 2713 954 2770 confes

118 2811 165 2847 sus
179 2799 221 2848 est
235 2792 399 2851 liberatam:
421 2794 502 2850 testis
519 2799 561 2849 cst
576 2792 679 2864 Sicilia,
692 2812 777 2871 qnam
791 2793 890 2850 multis
904 2811 954 2848 un·

118 2871 204 2947 dique
219 2873 340 2929 cinctam
355 2873 488 2949 periculis
502 2891 560 2929 non
575 2879 680 2929 terrore
691 2873 766 2944 belli,
779 2874 829 2930 sed
843 2872 954 2930 consilii

118 2951 261 3008 celeritate
278 2953 446 3029 explicavit:
467 2953 549 3009 testis
570 2959 613 3008 cst
630 2952 737 3024 Africa,
754 2973 824 3029 quae
842 2952 954 3028 magnis

117 3051 253 3108 oppressa
264 3031 389 3089 hostium
404 3032 495 3108 copiis
508 3051 607 3089 eorum
622 3033 748 3108 ipsorum
763 3033 900 3108 sanguine
915 3051 954 3088 re

118 3111 273 3169 dundavit:
295 3113 376 3169 testis
390 3119 433 3169 est
443 3111 544 3183 Gallia,
577 3131 607 3168 er
621 3113 891 3189 quamleqion'lous
897 3127 968 3159 sss-

117 3192 167 3248 tris
187 3192 243 3249 iter
262 3192 294 3249 in
312 3191 489 3272 Hispaniam
510 3132 672 3251 Gallorum
686 3186 897 3246 tumme
910 3181 991 3242 qaus
