1988 3480
335 109 415 160 cAP.
430 109 559 171 IX.-XI.,
575 107 692 170 §ar-26.
904 114 936 161 63

95 210 200 290 partim
215 210 299 269 eiecit
315 229 349 268 ex
366 210 493 282 civitate,
502 211 606 288 partim
623 211 777 270 interemit
820 210 938 272 01101-

95 291 188 349 tarius
202 289 300 349 consul
315 291 401 347 armis
412 290 521 368 expulit
535 311 569 349 ex
584 291 653 349 urbe
664 292 819 369 collegam:
842 294 938 351 omnis

95 370 141 427 hic
162 371 242 429 locus
263 371 369 428 acervis
389 389 542 447 corpomm
563 379 592 429 et
613 372 719 429 civium
741 373 879 449 sanguine
896 394 937 432 re-

95 450 242 508 dundavit.
279 449 429 526 superavit
443 458 544 527 postea
557 451 651 508 Cinna
662 472 727 510 cum
742 451 850 510 Mario:
872 461 935 511 111111

95 549 170 601 vere,
183 529 344 586 clarissimis
362 530 428 587 viris
445 530 612 603 interfectis,
624 531 734 588 lumina
751 533 874 590 civitatis
891 553 937 591 ox-

95 610 200 667 stincta
214 616 287 667 sunt.
330 609 418 668 Ultus
433 616 476 666 cst
489 610 574 667 huius
589 611 725 669 victoriae
738 612 935 670 crudelitatem

94 696 195 766 postca
208 688 294 760 Sulla,
304 709 340 746 ne
351 689 408 745 dici
424 689 539 767 quidem
551 710 624 766 epus
638 699 680 749 est
692 698 799 768 quanta
808 691 937 750 deminu-

94 770 173 826 tione
188 769 293 826 civium
308 777 338 826 et
352 777 458 846 quanta
472 769 632 841 calamitate
646 771 686 828 rei
701 771 839 848 publicae.
871 772 937 830 Dis-

95 850 183 907 sensit
200 849 237 906 M.
252 848 377 926 Lepidus
393 869 411 906 a
427 849 582 907 clarissimo
600 858 629 908 et
645 851 804 908 fortissimo
822 852 882 908 viro
900 851 935 921 Q,

95 928 214 987 Catulo:
237 929 335 987 attulit
349 948 407 986 non
424 937 485 987 tam
499 931 590 1008 ipsius
603 931 737 989 interitus
750 932 791 988 rei
805 931 937 1008 publicae

95 1009 204 1066 luctum
219 1029 305 1087 quam
320 1016 486 1068 ceterorum.
520 1016 566 1068 25.
582 1010 680 1088 Atque
691 1011 755 1069 illae
769 1019 865 1069 tamen
877 1031 937 1069 orn·

95 1108 145 1146 nes
162 1089 352 1148 dissensiones
369 1097 449 1147 erant
463 1091 523 1147 eius
540 1091 628 1161 modi,
641 1090 775 1162 Quirites
788 1111 860 1168 quae
877 1111 936 1153 non

95 1170 132 1227 ad
153 1170 311 1242 delendam,
327 1170 377 1228 sed
398 1171 435 1227 ad
455 1170 688 1227 commutandam
711 1191 770 1227 rem
791 1171 936 1247 publicam

95 1250 286 1325 pertinerent:
308 1270 366 1307 non
384 1249 425 1307 illi
442 1250 549 1307 nullam
566 1270 627 1307 esse
641 1270 700 1308 rem
718 1251 870 1326 publicam,
887 1252 937 1309 sed

96 1330 126 1386 in
141 1349 181 1399 ea,
195 1350 265 1407 quac
280 1337 361 1400 esset,
374 1349 403 1386 se
415 1349 474 1387 csse
485 1330 637 1407 principes
649 1350 741 1407 neque
752 1330 825 1386 hane
837 1331 936 1388 urbem

96 1409 278 1484 conflagrare,
297 1409 346 1466 scd
370 1429 400 1466 se
424 1410 454 1465 in
482 1409 535 1466 hac
559 1410 629 1466 urbe
653 1410 752 1467 florere
777 1409 935 1468 volucrunt.

99 1483 209 1564 [Atque
220 1488 288 1545 illae'
299 1496 394 1544 tamen
407 1508 505 1568 omnes
517 1489 714 1560 dissensiones,
728 1509 847 1566 quarum
859 1489 939 1547 nulla

98 1568 218 1624 exitium
235 1568 274 1623 rei
289 1567 419 1643 publicae
437 1569 583 1644 quaesivit,
596 1569 656 1625 eius
672 1569 753 1625 modi
767 1569 892 1640 fuerunt,
904 1577 938 1628 111

99 1666 156 1703 non
178 1647 407 1704 reconciliatione
429 1646 605 1718 concordiae,
621 1648 671 1705 sed
692 1648 879 1706 internicione
901 1649 938 1706 oi-

99 1728 177 1784 vium
192 1726 363 1784 diiudicatae
381 1724 459 1803 sint]
502 1727 535 1783 111
551 1727 605 1784 hoe
619 1735 715 1785 autern
734 1747 791 1784 uno
808 1735 875 1805 post
888 1728 939 1786 ho-

98 1808 209 1863 minurn
234 1807 402 1863 memoriam
427 1807 553 1863 maximo
578 1807 830 1885 crudelissimoque
853 1807 938 1878 bello,

99 1887 180 1964 quale
195 1886 300 1943 bellum
318 1886 395 1943 nulla
409 1906 545 1963 umquam
560 1886 689 1944 barbaria
705 1906 770 1944 cum
786 1907 836 1945 sua
852 1896 939 1964 gente

97 1968 263 2044 gessitque
279 1967 309 2022 in
324 1966 398 2024 bello
413 1966 458 2023 lex
472 1967 541 2024 haec
556 1966 614 2024 fuit
630 1967 791 2039 aLcntulo,
804 1967 937 2038 Catilina,

97 2047 235 2123 Cethego,
249 2046 348 2104 Cassio
365 2046 529 2118 constituta,
542 2054 574 2104 ut
588 2067 695 2118 omnes,
709 2049 758 2124 qui
775 2048 851 2105 salva
867 2048 939 2105 urbe

97 2128 165 2184 salvi
177 2147 237 2184 osse
251 2134 376 2202 possent,
390 2126 419 2182 in
434 2126 560 2184 hostium
575 2147 694 2184 numero
709 2129 887 2199 ducerentur,
898 2129 940 2185 ita

98 2226 143 2264 me
157 2207 240 2283 gessi,
253 2206 387 2277 Quirites,
399 2213 432 2264 ut
443 2206 512 2263 salvi
527 2227 626 2264 omnes
640 2208 886 2278 conservarernini,
899 2215 937 2278 et,

98 2306 162 2344 curn
181 2286 276 2343 hostes
293 2286 379 2344 vestri
395 2293 507 2343 tantum
529 2287 634 2344 civium
656 2288 869 2364 superfuturum
888 2308 939 2364 pu·

99 2373 212 2437 lassent,
224 2375 363 2442 quantum
374 2366 502 2424 infinitae
513 2367 592 2424 caedi
602 2367 758 2438 restitisset,
767 2376 880 2424 tantum
892 2387 939 2423 au-

98 2454 157 2503 tem
175 2446 261 2518 urbis,
278 2454 416 2523 quantum
437 2446 554 2503 flamma
569 2447 648 2503 obire
664 2466 723 2502 non
744 2447 893 2522 potuisset,
909 2455 938 2504 et

103 2526 197 2584 urbem
213 2534 242 2583 et
256 2527 331 2583 cives
344 2527 472 2602 integros
486 2526 699 2601 incolumesque
714 2527 829 2582 seruari.

140 2605 190 2663 Xl.
228 2613 275 2663 26.
288 2606 398 2674 Quibus
412 2625 465 2683 pre
476 2607 563 2663 tantis
578 2605 669 2674 rebus,
682 2603 815 2675 Quirites
828 2605 936 2661 nullum

100 2704 153 2758 ego
168 2706 185 2741 a
198 2685 279 2742 vobis
293 2686 452 2762 praemium
467 2685 587 2754 virtutis,
600 2683 710 2741 nullum
725 2685 836 2761 insigne
850 2684 935 2741 hono

100 2765 146 2832 ris,
158 2764 268 2821 nullum
279 2773 498 2822 monumentum
510 2764 601 2822 laudis
615 2764 729 2840 postulo
741 2772 938 2842 praeterquam
953 2777 957 2785 “

100 2843 185 2900 huius
202 2844 259 2901 diei
277 2845 443 2901 memoriam
462 2845 672 2921 sempiternam.
715 2844 749 2900 ln
764 2845 867 2901 animis
884 2864 938 2920 ego

101 2925 201 2981 vestris
212 2943 311 2981 omncs
325 2925 487 3001 triumphos
500 2944 588 2994 meos,
601 2924 699 2980 omnia
713 2931 879 2981 ornamenta
889 2924 937 2981 lro-

101 3004 186 3074 noris,
203 3011 389 3061 monumenta
412 3004 527 3078 gloriae,
543 3004 634 3060 laudis
656 3004 785 3078 insignia
805 3004 900 3057 sonitu
916 3010 952 3053 a.

101 3084 230 3141 collocari
254 3083 326 3142 rulo.
370 3084 456 3143 Nilril
474 3106 526 3143 nie
545 3092 668 3142 mutum
686 3087 795 3158 potest
813 3077 982 3152 detestare,

19 3239 21 3244 Ι
84 3165 165 3242 ,1111111
189 3166 321 3239 taccitum,
336 3167 414 3226 nilril
438 3169 573 3247 denique
592 3166 661 3224 orus
680 3149 889 3224 xiiiid'ltsslmQ
908 3149 987 3191 mm
