1988 3480
38 94 41 98 ’
69 112 116 160 rar
265 110 334 159 ruo
351 108 381 170 Q.
397 108 547 158 omnmo
564 107 707 159 enarro.

68 212 196 269 irruisses
213 218 241 267 ct
258 211 379 267 clamare
396 209 553 286 coepisses:
575 207 607 266 Ο.
620 207 732 280 Caesar,
744 228 819 268 cave
838 211 916 289 igno-

68 312 136 361 scas,
155 311 221 348 carc
246 298 274 347 te
295 291 415 347 fratrum
437 309 489 366 pro
511 289 606 345 fratris
627 288 717 346 salute
739 289 922 349 obsecranti·

68 392 117 428 um
139 373 277 435 irriserunt,
294 389 387 426 uuuue
410 389 523 425 omnem
542 368 750 425 humanitatem
771 371 922 429 exuisses?
963 376 966 380 “

68 452 183 520 Qumrto
202 450 255 505 lree
274 450 380 516 durius,
394 449 471 525 quod
488 468 540 504 nes
556 448 635 504 domi
653 448 789 525 petimus,
802 450 838 507 id
856 471 875 508 a
890 459 921 509 te

68 531 99 587 iu
116 531 180 586 fero
198 530 376 606 oppugnarit
398 537 426 586 et
440 529 469 584 in
484 528 534 584 tali
550 528 663 584 miseria
677 528 841 586 multorum
856 550 921 607 per-

69 611 182 687 fugium
198 609 406 666 misericordiae
420 608 537 665 tollere?
573 607 675 664 Dicam
691 608 786 684 plane,
798 608 917 680 Caesar,
974 679 977 687 Ι

70 691 148 768 quod
162 690 261 746 sentio.
300 695 344 745 15.
361 688 392 744 Si
407 689 436 744 in
454 688 505 744 hac
520 695 600 744 tanta
613 694 663 744 tua
676 687 796 744 fortuna
810 688 919 747 lenitas

69 778 150 827 tanta
166 790 223 826 uun
241 776 322 838 esset,
336 788 421 844 quam
439 775 470 824 tu
488 787 538 844 per
554 774 591 836 te,
604 786 655 844 per
671 774 708 836 tc,
721 767 854 843 inquam,
868 769 920 826 ob

70 848 314 924 tinea-intellige
336 848 406 924 quid
426 846 748 923 loquar—acerbissime
770 848 854 905 luctu
876 868 920 906 re-

69 930 210 986 dundaret
225 929 279 983 ista
294 927 418 984 victoria
462 927 553 995 Qumu
569 926 653 983 multi
668 926 744 983 enim
763 935 863 986 essent
880 928 917 985 de

70 1007 224 1064 victoribus
239 1007 328 1082 quite
342 1006 484 1064 crudelem
499 1026 558 1063 esse
570 1006 681 1075 vellent,
692 1025 757 1063 eum
772 1007 864 1063 etiarn
880 1008 917 1065 de

70 1088 153 1145 victis
170 1087 361 1162 reperiantur!
384 1087 565 1162 quammulti
582 1087 630 1163 qui
645 1105 711 1143 curn
726 1093 786 1143 ate
801 1087 916 1163 ignosci

70 1167 178 1224 nemini
204 1166 316 1235 vellent,
334 1166 507 1242 impedirent
532 1166 711 1222 clementiam
736 1173 826 1237 tuam,
847 1170 916 1223 eum

70 1248 157 1305 etiam
173 1247 211 1316 hi,
223 1246 325 1323 quibus
340 1247 399 1322 ipse
414 1247 557 1322 ignovisti,
570 1245 666 1302 nolint
677 1252 706 1302 te
720 1264 781 1303 esse
795 1246 826 1301 in
842 1246 916 1303 alios

70 1327 299 1384 misericordem!
344 1332 388 1383 16.
405 1325 490 1394 Quod
510 1327 532 1382 si
550 1325 669 1402 probare
686 1325 800 1382 Caesari
816 1344 917 1402 posse

71 1427 135 1463 mus
146 1409 175 1463 iu
184 1407 284 1463 Africa
293 1406 437 1482 Ligarium
450 1406 568 1462 omnino
579 1424 637 1461 uon
648 1405 744 1474 fuisse,
753 1405 777 1460 si
788 1403 916 1464 honesto

71 1494 101 1544 ct
117 1486 292 1542 misericordi
313 1486 462 1541 mendacio
484 1485 567 1542 saluti
586 1484 641 1541 civi
662 1484 829 1541 calamitoso
852 1504 916 1543 esse

72 1566 214 1635 vellemus,
230 1574 325 1623 tamen
348 1566 472 1622 hominis
493 1585 549 1621 nen
573 1572 652 1634 essct,
668 1564 699 1620 in
715 1570 797 1620 tanto
816 1564 917 1622 discri-

72 1648 148 1704 mine
164 1653 192 1703 et
203 1646 330 1723 periculo
345 1646 414 1702 civis
425 1645 551 1702 refellere
563 1655 591 1701 et
604 1644 768 1720 redarguere
778 1650 916 1701 nostrum

72 1727 261 1796 mendacium,
274 1734 310 1797 ct,
323 1727 346 1783 si
361 1733 435 1782 esset
449 1725 574 1796 alicuius,
587 1725 648 1780 eius
665 1731 739 1780 certe
753 1742 812 1780 non
827 1732 914 1797 esset,

72 1807 121 1883 qui
139 1807 168 1862 iu
190 1806 288 1863 eadem
306 1825 390 1862 causa
410 1812 438 1861 et
455 1805 572 1861 fortuna
588 1804 697 1861 fuisset.
739 1802 797 1860 Sed
813 1809 917 1863 tamen

72 1887 150 1943 aliud
164 1893 207 1943 est
224 1905 314 1942 errare
329 1885 477 1942 Caesarem
495 1884 578 1954 nolle,
591 1884 668 1940 aliud
682 1883 757 1940 nolle
773 1883 914 1943 misereri.

51 1965 153 2022 ·Tuuc
174 1965 297 2021 diceres:
323 1964 433 2034 Caesar,
449 1984 515 2021 cave
537 1964 650 2021 credas:
672 1963 729 2020 fuit
749 1963 779 2018 in
800 1963 914 2037 Africa,

72 2044 140 2101 tulit
161 2063 238 2099 arma
259 2051 358 2100 eontra
378 2050 413 2100 te.
458 2044 541 2100 Nunc
559 2043 629 2120 quid
645 2043 735 2100 dicisl
775 2041 853 2101 Cave
873 2045 917 2122 ig-

73 2142 180 2180 noscas.
216 2122 295 2178 Haec
310 2142 361 2179 uec
377 2122 501 2179 hominis
515 2143 567 2181 nec
581 2124 617 2180 ad
631 2123 777 2180 hominem
789 2142 846 2180 vox
860 2132 915 2196 est,

73 2222 130 2279 qua
151 2201 199 2277 qui
218 2202 295 2278 apud
312 2209 348 2272 te,
362 2202 393 2259 O.
406 2202 517 2273 Caesar,
530 2204 627 2273 utitur,
640 2223 720 2260 suam
740 2203 825 2260 citius
844 2203 917 2261 abii·

73 2283 130 2340 ciet
143 2281 351 2338 humanitatem
367 2302 451 2358 quam
466 2283 647 2360 extorquebit
661 2289 748 2340 tuam.

114 2362 166 2420 Vl.
199 2362 420 2439 lamprides
435 2362 529 2418 aditus
544 2372 572 2419 et
587 2363 742 2440 postulatio
753 2361 916 2421 Tuberonis

73 2442 151 2513 haec,
167 2450 199 2500 ut
221 2443 415 2519 opinor,fuit:
439 2442 508 2498 velle
530 2462 559 2499 se
581 2445 616 2500 de
638 2442 671 2511 Q.
683 2443 788 2518 Ligarii
809 2443 915 2501 scelere

73 2523 174 2579 dicere.
212 2522 277 2579 Non
293 2522 393 2579 dubito
409 2522 477 2598 quin
495 2522 651 2579 admiratus
668 2524 713 2593 sie,
726 2521 770 2578 vel
784 2522 863 2598 quod
877 2523 916 2580 dc

74 2601 153 2657 nullo
167 2601 222 2658 alio
238 2602 396 2678 quisquam,
412 2602 455 2658 vel
471 2603 549 2678 quod
564 2603 595 2672 is,
609 2603 656 2679 qui
672 2604 701 2659 iu
717 2602 815 2659 eadem
829 2621 917 2658 causa

74 2681 183 2751 fuisset,
196 2681 239 2738 rel
262 2682 397 2758 quidnam
420 2682 487 2738 novi
508 2682 620 2738 sceleris
641 2683 772 2739 adferret.
815 2680 916 2739 Scelus

75 2768 107 2816 tu
122 2761 192 2817 illud
206 2781 297 2831 vocae,
308 2761 440 2818 Tuberol
475 2761 551 2818 Curi
573 2763 628 2819 isto
643 2763 720 2818 enim
736 2761 851 2817 nomine
866 2761 917 2822 illa

74 2839 167 2896 adime
189 2860 272 2897 eausa
288 2842 385 2897 caruit.
428 2841 487 2897 Alii
507 2861 629 2898 errorem
647 2841 799 2917 appellant,
815 2839 863 2897 alii
880 2842 916 2898 ti-

74 2939 200 2976 morem:
224 2920 273 2996 qui
294 2920 400 2987 durius,
413 2939 501 2994 spem,
517 2921 713 2996 cupiditatem,
730 2920 837 2991 odium,
852 2939 916 2997 per-

75 2999 226 3055 tinaciam:
249 2999 297 3075 qui
314 2999 487 3074 gravissime,
500 3000 706 3057 temeritatem:
729 3000 819 3057 scelus
835 3019 915 3076 prae-

74 3085 163 3135 terte
184 3078 276 3134 adlmc
298 3097 390 3134 neme.
432 3078 477 3135 Ac
494 3079 566 3134 milri
588 3080 711 3155 quidem,
725 3079 748 3135 si
765 3079 914 3156 proprium

74 3163 105 3214 et
122 3176 217 3215 verum
235 3176 340 3216 nomen
358 3158 449 3217 nostri
465 3158 535 3218 mali
552 3159 707 3232 quaeritur,
715 3158 814 3216 letalis
832 3177 916 3233 usae·
