1988 3480
302 120 380 169 oxr.
397 119 526 181 rx.-xr.,
543 117 662 179 §ar-aa.
859 124 904 172 roe

64 227 170 278 temere
190 221 268 291 fecit,
280 220 426 296 poenitet:
448 219 485 277 ad
506 219 686 278 clementiam
708 228 787 278 tuam
806 224 916 282 coufu-¹

63 301 121 378 gio,
132 300 229 357 delicti
240 300 352 356 veniam
366 308 444 376 peto,
456 306 489 357 ut
499 300 663 378 ignoscatur
678 320 735 358 oro.
772 300 804 360 si
818 322 904 361 nemo

63 380 234 456 impetravit,
246 378 432 456 adroganter:
451 380 474 436 si
485 380 610 457 plurimi,
620 388 653 438 tu
664 381 741 439 idem
752 382 797 440 fer
808 402 903 460 opem,

64 461 214 537 quispam
236 459 348 516 dedistr.
392 465 439 517 31.
457 459 506 516 An
529 460 661 537 sperandi
683 461 797 539 Ligario
819 483 904 522 causa

63 559 121 596 non
139 540 184 610 sit,
195 558 260 595 curn
274 539 347 595 mihi
361 539 438 617 apud
452 546 480 596 te
494 540 574 597 locus
591 541 628 598 sit
645 542 732 599 etiarn
746 562 799 619 pro
813 544 902 601 altero

63 619 252 696 deprecandi?
293 617 474 696 Quamquam
495 621 595 677 necin
614 621 667 679 hac
689 624 817 681 oratione
839 643 904 700 spes

63 707 106 756 ost
121 699 217 775 posita
233 717 332 755 causae
349 719 401 756 nec
418 700 564 757 incorum
582 703 692 773 studiis,
705 703 754 780 qui
771 723 788 759 a
804 710 833 761 te
850 723 902 780 pro

62 778 176 855 Ligario
188 785 298 854 petunt,
309 779 353 835 tui
364 781 520 838 necessarii.
557 781 610 838 XI.
621 782 692 840 Vidi
707 783 784 839 enim
799 791 827 841 et
838 803 903 860 cog-

62 858 129 915 novi
144 858 215 934 quid
228 859 352 916 maxime
370 867 520 936 spectares,
532 881 598 918 cum
612 881 668 938 pro
680 862 799 919 alicuius
813 861 903 920 salute

62 937 146 995 multi
163 938 339 996 laborarent:
362 959 459 998 causas
478 942 556 1018 apud
572 948 601 998 te
618 943 781 1019 rogantium
799 943 904 1020 gratio-

63 1018 149 1075 siores
163 1037 222 1076 esse
238 1038 322 1096 quam
335 1020 439 1092 vultus,
451 1039 543 1098 neque
554 1028 583 1078 te
598 1029 724 1100 spectare
739 1042 823 1099 quarn
836 1030 904 1080 tuus

62 1105 135 1155 esset
146 1099 318 1156 necessarius
332 1100 365 1172 ic,
377 1101 426 1178 qui
437 1108 466 1159 te
481 1108 581 1172 oraret,
594 1102 644 1159 sed
655 1122 740 1179 quam
756 1102 838 1173 illius,
849 1122 902 1179 pro

62 1198 119 1255 quo
140 1177 287 1237 laboraret.
331 1180 432 1257 Itaque
455 1181 558 1238 tribuis
583 1189 614 1238 tu
640 1183 755 1259 quidem
780 1183 838 1238 tuis
862 1183 904 1240 ita

61 1259 204 1329 multant
218 1259 290 1316 mihi
308 1260 449 1317 beatiores
465 1260 506 1316 illi
521 1262 670 1318 videantur
687 1262 840 1331 interdum,
854 1262 903 1338 qui

62 1344 111 1395 tua
128 1339 296 1396 liberalitate
313 1340 456 1410 fruuntur,
470 1359 556 1416 quam
573 1348 604 1396 tu
623 1341 691 1417 ipse,
705 1340 753 1416 qui
770 1341 903 1397 illistam

62 1418 153 1474 multa
169 1418 316 1490 concedas,
330 1419 380 1476 sed
396 1419 480 1476 video
497 1427 593 1476 tamen
613 1420 691 1496 apud
707 1428 736 1478 te
753 1440 858 1491 causae,
871 1429 903 1477 ut

63 1497 131 1568 dixi,
147 1498 238 1555 valere
261 1498 326 1574 plus
348 1518 434 1575 quarn
456 1518 560 1575 proces,
577 1499 612 1556 ab
633 1500 724 1576 iisque
745 1507 774 1557 te
794 1501 903 1558 moveri

61 1578 195 1649 maxime,
208 1597 329 1654 quorum
347 1579 535 1635 iustissimum
551 1579 646 1636 videas
663 1579 792 1636 dolorem
809 1581 840 1636 in
857 1600 904 1657 pe-

62 1658 158 1714 tendo.

104 1744 149 1794 32.
169 1736 203 1793 ln
225 1736 258 1806 Q.
272 1737 385 1813 Ligario
408 1739 600 1794 conservando
622 1739 720 1796 multis
737 1746 768 1796 tu
787 1740 901 1816 quidem

63 1825 176 1894 gratum
193 1818 282 1874 facies
303 1818 467 1874 necessariis
488 1818 553 1889 tuis
567 1819 617 1875 scd
635 1818 698 1889 hoc,
711 1838 825 1895 quaeso,
838 1839 901 1876 cou-

63 1897 162 1968 sidera,
176 1898 255 1975 quod
273 1897 354 1955 soles,
396 1898 519 1955 Possum
539 1899 712 1955 fortissimos
729 1899 812 1969 viros,
826 1899 900 1957 Sabi-

62 1997 123 2048 uoS,
139 1978 192 2035 tibi
216 1978 440 2055 probatissimos,
456 1985 608 2054 totumque
633 1998 733 2055 agrum
755 1979 902 2050 Sabinum,

62 2057 160 2115 florem
177 2058 275 2116 Italiae
292 2078 324 2115 ac
338 2058 425 2115 robur
440 2059 479 2115 rei
493 2058 631 2135 publicae,
642 2078 809 2135 proponere.
846 2059 874 2115 N
876 2079 904 2116 o

62 2139 98 2195 sti
116 2139 242 2215 optimos
257 2139 396 2196 homines,
432 2139 638 2196 Animadverte
653 2139 755 2195 borum
773 2139 903 2196 omnium
928 2175 930 2177 -

61 2219 234 2275 maestitiam
260 2227 288 2275 et
309 2218 456 2275 dolorem:
482 2219 567 2276 huius
588 2219 620 2276 T.
634 2219 766 2288 Brocchi,
785 2220 821 2276 de
846 2239 903 2296 quo

62 2317 120 2354 non
143 2298 245 2354 dubito
269 2299 340 2375 quid
365 2299 517 2368 existimes,
532 2299 662 2355 lacrimas
687 2299 903 2374 squaloremque

62 2377 153 2453 ipsius
173 2384 202 2433 et
221 2377 271 2433 filii
289 2378 375 2434 videa.
419 2385 465 2434 33.
482 2378 559 2445 Quid
578 2379 613 2434 de
633 2378 770 2434 fratribus
791 2379 903 2434 dicaml

63 2456 139 2526 Noli,
152 2456 263 2526 Caesar,
276 2465 376 2533 putare
391 2456 426 2515 de
441 2458 525 2514 unius
539 2458 631 2533 capite
646 2477 699 2513 nos
713 2477 805 2533 agere.
842 2457 904 2514 Aut

62 2543 119 2592 tres
133 2536 187 2592 tibi
202 2536 307 2612 Ligarii
323 2537 463 2593 retinendi
479 2538 508 2593 in
524 2538 638 2593 civitate
653 2543 720 2593 sunt
734 2544 783 2592 aut
797 2544 854 2593 tres
869 2557 903 2593 ex

63 2616 177 2672 civitate
192 2617 407 2673 exterminandi.
441 2616 514 2673 Nam
528 2617 649 2693 quodvis
664 2616 794 2672 exsilium
805 2616 850 2672 his
861 2626 903 2674 cst

63 2696 189 2770 optatius
205 2715 290 2771 quarn
304 2697 403 2772 patria,
415 2716 500 2772 quam
513 2697 623 2766 domus,
635 2715 720 2772 quam
736 2697 764 2752 di
777 2705 902 2772 penates,

63 2794 120 2830 uno
136 2775 185 2831 illo
197 2775 350 2833 exsulante.
390 2777 420 2833 Si
435 2777 567 2847 fraterne,
580 2777 603 2833 si
618 2777 675 2852 pie,
687 2777 710 2832 si
725 2796 790 2833 cum
806 2776 903 2833 dolore

62 2854 181 2924 faciunt,
194 2863 327 2912 moveant
344 2864 375 2912 'te
396 2856 498 2913 horum
520 2857 659 2926 lacrimae,
672 2863 786 2913 moveat
803 2857 903 2932 plotae,

63 2941 177 2990 moveat
197 2936 385 3010 germanitas:
409 2936 501 2992 valeat
517 2944 567 2992 tua
587 2956 642 2992 vox
663 2936 719 3005 illa,
737 2955 808 3012 quae
826 2937 901 2992 vicit.

63 3013 103 3070 Te
125 3015 202 3070 enim
222 3015 315 3071 dicere
334 3015 518 3072 audiebamus
538 3035 590 3071 nos
608 3035 708 3072 omues
729 3016 905 3072 adversarios

63 3102 171 3170 putare,
183 3094 238 3150 nisi
254 3095 304 3170 qui
318 3094 466 3152 nobiscum
481 3104 590 3152 essent:
613 3103 641 3152 te
657 3096 830 3167 omnesqui
840 3114 908 3148 ccxx-

64 3181 107 3230 tra
123 3183 151 3230 te
169 3193 227 3231 non
245 3182 349 3247 essent,
360 3182 438 3234 tuos.
470 3174 611 3233 Videsne
621 3173 824 3248 'sigismundo
837 3166 935 3232 snm·
