1988 3480
234 429 277 491 Μ.
300 427 448 491 annun
477 427 711 490 arceamus

140 574 237 652 *PRO
279 574 310 663 Q.
339 573 558 649 LIGARIO
600 571 804 660 ORATIO.

304 877 645 927 ARGUMENTUM.

88 978 117 1039 Q.
129 977 245 1038 Ligarius
259 987 323 1038 aute,
332 993 408 1040 quam
419 977 510 1025 bellum
525 977 595 1024 civile
607 978 672 1024 iuter
686 977 715 1026 C.
725 977 858 1027 Caesarem
870 982 895 1027 el.

57 1044 103 1093 Cn.
115 1044 262 1106 Pompeium
279 1052 362 1090 ortum
375 1052 421 1103 est,
434 1042 464 1090 C.
475 1043 621 1090 Considium
638 1044 754 1103 Longum
768 1058 812 1105 pro
826 1058 850 1104 pr
856 1058 896 1090 ue·

57 1117 108 1159 tore
125 1109 219 1169 legatus
239 1108 264 1156 iu
284 1108 438 1171 provinciam
454 1108 569 1156 Africam
589 1118 687 1155 secutus
707 1117 767 1157 erat.
805 1109 832 1156 Is
854 1109 896 1156 de-

55 1175 145 1223 cedens
163 1174 194 1222 da
213 1174 341 1236 provincia
359 1190 403 1221 sua
423 1173 557 1235 reliquerat
577 1174 601 1220 iu
620 1173 707 1220 Africa
725 1173 754 1232 Q.
766 1174 898 1233 Ligarium

55 1255 161 1302 eumque
178 1239 317 1301 provinciae
332 1239 491 1301 praefecerat.
529 1239 594 1286 Cum
608 1238 702 1285 interea
715 1238 808 1287 bellurn
826 1238 899 1286 civile

56 1315 170 1353 exortum
183 1313 255 1363 esset,
266 1305 309 1366 qui
322 1305 346 1350 in
358 1319 388 1351 ea
400 1303 525 1365 provincia
536 1303 648 1365 partibus
658 1303 704 1351 Cn.
715 1303 830 1364 Pompeii
844 1312 897 1351 stu-

57 1371 172 1429 duerunt,
184 1369 359 1428 flagitaverunt
379 1385 394 1416 a
411 1369 441 1428 Q.
452 1369 561 1429 Ligario,
573 1376 601 1416 ut
617 1369 670 1430 ipse
688 1383 787 1430 quoque
804 1368 896 1417 bellurn

57 1435 174 1483 aduersus
193 1435 221 1482 C.
237 1435 369 1482 Caesarem
393 1434 529 1496 susciperet
550 1434 721 1496 Pompeioque
743 1433 898 1495 provinciam

57 1508 219 1548 conservaret.
251 1500 315 1547 Cum
327 1499 347 1547 is
359 1507 443 1547 tamen
453 1499 521 1547 nullo
533 1515 559 1547 se
570 1498 691 1561 impIIceri
703 1499 802 1560 negotio
811 1515 896 1561 passus

57 1574 129 1625 esset,
140 1565 170 1612 P.
180 1565 265 1611 Attius
274 1565 365 1624 Varus,
378 1579 451 1626 quem
463 1573 549 1612 contra
561 1565 590 1614 O.
599 1565 734 1613 Caesarem
747 1564 896 1614 militantem

57 1631 83 1678 in
95 1645 155 1690 agro
168 1631 259 1677 Piceno
269 1629 300 1677 ad
313 1631 454 1678 Auximum
466 1630 586 1690 cohortes,
599 1645 661 1693 quas
673 1630 787 1690 ducebat,
798 1630 897 1679 deseru-

57 1707 136 1755 erant,
146 1695 171 1742 in
181 1695 294 1742 Africam
305 1695 373 1743 veuit
384 1704 409 1742 et
421 1696 552 1757 imperium
563 1695 679 1758 adripuit.
708 1696 756 1756 Qui
768 1711 825 1744 cum
837 1712 897 1759 pau-

57 1762 92 1808 cis
106 1769 164 1808 erite
176 1760 247 1807 annis
259 1775 290 1808 ex
302 1769 419 1823 praetura
430 1776 484 1809 eam
496 1761 649 1823 provinciam
662 1761 814 1822 obtinuisset,
825 1762 897 1810 facile

57 1827 148 1874 dilectu
162 1826 247 1874 habito
263 1825 324 1874 duaa
338 1826 447 1886 legiones
462 1827 550 1876 effecit.
583 1827 666 1887 Quam
680 1828 779 1876 obrem
794 1843 851 1875 cum
863 1829 892 1876 L.

57 1892 143 1940 Aelius
161 1892 268 1951 Tubero,
282 1893 322 1939 cui
340 1906 373 1939 ex
393 1902 492 1940 senatus
510 1893 622 1940 consulto
642 1900 708 1941 sorte
725 1907 754 1940 ea
770 1893 897 1954 provincia

57 1957 194 2018 obtigisset,
208 1957 235 2004 in
254 1957 369 2005 Africam
390 1957 492 2018 veniret,
507 1967 534 2004 ut
553 1957 707 2020 provinciam
726 1957 814 2018 adiret,
831 1973 847 2006 a
862 1959 892 2006 P.

58 2023 126 2071 Varo
140 2023 253 2071 exclusus
267 2032 304 2071 est
318 2024 390 2085 eique
403 2038 435 2071 ne
448 2023 495 2071 hoc
506 2023 606 2085 quidem
619 2024 775 2085 permissum,
786 2031 814 2071 ut
828 2022 895 2071 infir-

57 2104 124 2136 mum
139 2089 218 2136 lilium
232 2098 369 2151 exponeret
383 2099 458 2150 atque
471 2104 562 2151 aquam
576 2089 695 2148 hauriret,
708 2103 758 2151 qua
774 2089 800 2136 in
813 2104 840 2137 re
853 2105 897 2149 ge-

58 2155 134 2201 renda
142 2155 258 2201 P.Varus
267 2154 296 2213 Q.
305 2153 408 2213 Ligarii,
416 2155 457 2214 qui
465 2154 559 2214 legatus
566 2153 591 2200 in
600 2154 725 2216 provincia
732 2165 895 2215 remanserat,

58 2234 132 2279 opera
149 2234 207 2266 usus
222 2228 267 2267 est.
304 2218 432 2266 L.·Aelius
449 2234 507 2266 cum
524 2227 588 2266 esset
605 2220 721 2266 exclusus
734 2219 822 2266 Africa
839 2235 897 2267 cum

58 2283 109 2330 filio
124 2298 167 2330 suo
179 2285 204 2330 in
218 2283 393 2344 Macedoniarn
407 2298 433 2330 se
447 2283 585 2331 contulerat
598 2293 673 2345 atque
687 2283 712 2330 in
725 2284 771 2332 Cn.
782 2285 896 2346 Pompeii

58 2357 140 2395 castra
157 2355 308 2410 pervenerat,
323 2358 379 2410 post
396 2356 479 2395 autem
499 2363 583 2410 pugna
600 2348 745 2396 Pharsalica
764 2350 896 2396 commissa

58 2415 156 2460 reniam
168 2430 183 2461 a
194 2414 223 2462 C.
234 2414 340 2462 Caesare
352 2413 533 2475 impetraverat.
571 2413 601 2473 Q.
613 2413 728 2472 Ligarius
741 2413 836 2461 interea
847 2429 896 2461 una

59 2494 117 2526 cum
129 2479 157 2527 C.
168 2479 285 2526 Considio
294 2479 345 2526 filio
356 2479 449 2540 proelio
458 2479 490 2526 ad
499 2478 628 2540 Thapsum
637 2479 703 2526 facto
712 2479 737 2525 in
748 2487 897 2540 potestatem

59 2544 172 2592 Caesaris
183 2543 248 2606 apud
257 2544 423 2591 Adrumetum
435 2544 639 2606 perrene1·at,qui
651 2559 708 2591 eum
722 2558 838 2591 concessa
846 2545 897 2592 rita

60 2608 140 2655 solum
155 2618 248 2656 vertere
265 2609 343 2656 iussit.
380 2612 455 2656 Anno
470 2625 493 2671 p.
504 2624 527 2656 u.
537 2623 557 2655 c.
570 2611 625 2667 708,
638 2624 694 2656 curn
710 2608 797 2656 fratres
812 2609 841 2669 Q.
853 2609 896 2656 Li-

59 2673 121 2733 garii
136 2673 161 2720 id
175 2685 323 2720 conarentur
336 2673 439 2734 efficere,
450 2683 478 2720 ut
491 2673 561 2721 fratri
575 2673 683 2720 reditum
697 2674 726 2721 C.
736 2673 828 2721 Caesar
839 2689 897 2721 cou-

59 2739 165 2797 cederet,
176 2754 207 2786 ne
218 2739 244 2785 id
256 2739 425 2800 impetrarent,
436 2755 451 2786 a
463 2739 492 2787 P.
501 2739 574 2786 Aelio
586 2738 717 2786 Tuberone
728 2739 780 2786 filio
792 2739 857 2801 apud
864 2739 893 2787 C.

59 2804 193 2852 Caesarem
210 2804 356 2851 dictatorem
373 2805 403 2862 Q.
417 2804 531 2863 Ligarius
548 2804 579 2852 de
596 2805 772 2863 molestarent
789 2804 893 2863 videtur,

59 2879 189 2918 accusatus
206 2878 251 2928 est,
263 2869 374 2916 conferas
389 2869 549 2929 Quinctiliani
567 2869 646 2917 instit.
658 2875 731 2929 orat,
742 2869 784 2916 lib.
796 2870 855 2928 XL,
871 2885 892 2917 c.

61 2933 112 2995 1,‘§
127 2937 166 2994 80,
178 2944 203 2982 et
215 2931 352 2996 Digestor„
363 2935 405 2982 lib.
417 2936 437 2995 1,
450 2943 467 2982 t.
482 2937 505 2994 2,
516 2935 547 2982 fr.
560 2936 583 2993 2,
596 2933 609 2991 ἕ
623 2935 662 2982 lt.
699 2934 765 2982 Eum
782 2935 828 2982 hac
844 2936 897 2997 ipsa

59 3001 177 3060 oratione,
186 3015 249 3062 quae
263 2999 327 3046 infra
338 2999 435 3059 legitur,
448 3015 566 3046 unacum
578 2999 607 3046 C.
618 2999 701 3046 Pansa
714 3000 749 3047 Μ.
760 3000 851 3047 Cicero
861 3000 903 3044 ita

59 3066 178 3126 defendit,
186 3076 213 3113 ut
221 3065 249 3114 C.
258 3065 349 3114 Caesar
360 3079 419 3113 eum
429 3064 536 3114 crimine
543 3065 669 3114 liberaret
676 3063 850 3119 rediturarum
858 3071 919 3100 mxx·

56 3130 160 3180 cederet.
