1988 3480
314 111 391 161 cnr.
409 111 525 174 11.-1v.,
541 110 556 171 ι
570 113 642 161 aro.
850 115 898 162 ιιι

61 210 233 269 scenderam.
278 218 303 270 8.
316 211 447 289 Cumque
463 212 656 350 ιιιιιιιιιιιιιιιἴ
653 232 711 271 nox
729 219 804 271 esset
821 233 899 272 man·

60 291 216 367 sissemque
240 291 270 348 iu
291 292 358 349 villa
381 292 414 350 P.
427 291 543 364 Valerii,
559 293 673 350 comitis
697 301 726 351 ct
750 294 899 351 familiaris
961 293 964 298 ’

59 371 116 428 mei
118 391 190 448 ,pos
191 371 333 463 tridieque
349 372 426 449 apud
447 373 581 430 eumdem
598 380 715 430 ventum
732 381 899 450 exspectans

59 471 204 508 manerem
206 451 384 528 ‚municipes
400 451 504 528 Regini
522 449 689 529 complures
702 454 739 510 ad
755 473 801 511 me
818 473 899 512 vene-

59 538 134 601 runt,
151 551 185 588 ex
205 531 241 587 iis
262 531 378 607 quidam
400 531 494 588 Roma
514 539 656 589 recentes:
678 533 819 609 aquibus
843 535 900 610 pri-

61 631 140 667 mum
162 611 270 687 accipio
292 611 330 668 M.
343 611 466 668 Antonii
487 612 660 682 contionem,
674 631 744 688 quae
765 612 837 668 mihi
858 613 899 670 ita

60 691 174 767 placuit,
188 698 220 748 ut
236 710 269 748 ea
288 691 362 748 lecta
378 691 414 748 de
434 691 593 748 reversione
614 692 739 767 primum
756 693 897 768 coeperim

60 771 192 847 cogitare.
229 771 258 829 N
259 791 289 829 ec
300 772 341 828 ita
354 770 447 828 multo
457 778 524 849 post
535 770 661 828 edictum
672 770 756 829 Bruti
770 772 900 829 adfertur

60 857 89 907 et
103 850 208 908 Cassii:
227 852 304 928 quod
319 851 435 928 quidem
449 850 530 922 mihi,
542 850 664 908 fortasse
679 851 757 928 quod
770 870 819 908 eos
833 851 899 927 plus

60 930 146 986 etiam
163 931 204 988 rei
220 931 350 1068 publicae
368 951 453 1009 quam
469 930 673 988 familiaritatis
689 939 753 1007 grat
741 931 781 988 tia
798 931 896 1008 diligo,

59 1010 176 1085 plenum
190 1012 304 1088 aequita
304 1012 341 1068 tis
304 1012 507 1079 tvidebatur.
543 1010 700 1068 Addebam
713 1018 898 1088 praeterea—

59 1089 92 1146 fit
108 1091 185 1147 enim
205 1091 372 1169 plerumque
391 1093 452 1150 ut
444 1093 464 1148 ri
466 1092 536 1170 ‚qui
553 1091 622 1148 boni
644 1091 714 1168 quid
730 1091 830 1149 volunt
850 1092 899 1148 ad-

58 1168 140 1240 ferre,
159 1170 306 1248 adfingant
327 1172 436 1249 aliquid
459 1192 515 1249 quo
538 1172 646 1229 faciant
669 1172 709 1242 ιιι,
728 1171 805 1248 quod
828 1191 898 1228 nun·

58 1250 140 1321 tiant,
152 1250 353 1308 laetius-rem
370 1260 590 1309 conventuram:
613 1251 751 1308 Kalendis
768 1257 898 1332 senatum

58 1294 238 1405 freqrientem
251 1331 330 1387 fore:
353 1330 522 1401 Antonium,
534 1331 691 1407 repudiatis
705 1330 810 1387 malis
805 1326 898 1387 suaso·

58 1408 145 1479 ribuS,
157 1410 281 1466 remissis
297 1409 452 1485 provinciis
468 1410 576 1480 Galliis,
588 1411 626 1468 ad
642 1411 841 1468 auctoritatem
858 1429 899 1467 se-

60 1494 143 1544 natus
160 1507 219 1545 esse
236 1489 402 1546 rediturum.
440 1478 492 1554 IV.
527 1496 552 1548 9.
565 1490 639 1547 Tum
656 1510 723 1548 vero
737 1497 818 1548 tauta
834 1509 897 1547 sum
928 1538 932 1544 .

60 1567 216 1644 cupiditate
232 1568 363 1625 incensus
380 1569 415 1626 ad
436 1569 569 1641 reditum,
581 1577 614 1627 ut
627 1570 702 1626 'mihi
718 1571 789 1627 nulli
805 1589 898 1646 neque

60 1647 130 1703 romi
144 1665 236 1724 neque
250 1649 327 1705 venti
342 1649 410 1706 satis
423 1650 549 1707 facerent
537 1656 627 1721 t,non
643 1650 700 1726 quo
716 1670 763 1706 me
777 1650 814 1707 ad
827 1657 898 1707 tem·

60 1744 113 1802 pus
130 1745 312 1784 occursurum
332 1747 392 1785 non
412 1736 551 1806 putarem,
564 1729 613 1786 sed
633 1749 670 1786 ne
686 1729 795 1787 tardius
812 1749 897 1806 quarn

60 1825 192 1882 cuperem
209 1807 396 1884 reipublicae
412 1809 574 1884 gratularer.
618 1808 715 1886 Atque
732 1828 787 1886 ego
803 1809 898 1867 celeri-

60 1892 103 1942 ter
60 1885 228 1943 tVeliam
247 1887 381 1945 devectus
397 1888 522 1946 Brutum
538 1889 614 1946 vidi:
637 1896 745 1966 quanto
766 1909 831 1947 meo
848 1889 898 1947 do·

59 1965 117 2022 loro
137 1985 195 2023 non
217 1966 290 2025 dioc.
332 1967 427 2044 Turpe
448 1969 596 2045 mihiipsi
613 1969 812 2026 vid'ebaturrn
834 1989 897 2026 eam

58 2045 157 2102 urbem
178 2066 224 2104 me
241 2047 343 2105 audere
364 2049 475 2119 reverti,
487 2067 522 2106 ex
539 2066 596 2125 qua
610 2048 719 2106 Brutus
736 2049 856 2119 cederet,
868 2056 897 2107 et

58 2124 99 2182 ibi
115 2126 186 2184 velle
202 2134 248 2185 tut
236 2134 267 2185 ιο
285 2147 352 2198 esse,
365 2128 416 2185 ubi
432 2128 479 2186 ille
495 2147 555 2185 non
572 2135 675 2205 posset.
714 2129 815 2206 Neque
830 2148 896 2186 vero

58 2205 139 2261 illum
154 2206 327 2264 similitert
298 2214 327 2264 ιι
329 2227 383 2284 que
397 2208 458 2298 ipse
473 2227 550 2265 cram
564 2215 741 2266 commotum
756 2228 817 2267 esse
827 2209 894 2266 vidi.

59 2283 177 2342 Erectus
198 2287 275 2344 enim
295 2288 414 2343 maximi
431 2294 460 2344 et
476 2287 735 2363 pulcherrimit
676 2289 747 2345 facti
736 2289 810 2345 rsui
832 2306 897 2344 con·

59 2364 149 2421 scient
150 2364 178 2420 ia
137 2364 265 2421 tnihil
282 2366 317 2422 de
339 2385 390 2423 suo
407 2385 481 2458 casu,
493 2367 567 2424 mult
555 2375 585 2424 ιι
601 2367 636 2424 de
653 2374 747 2424 vestro
765 2368 897 2443 quereba-

60 2449 112 2499 tur.
158 2449 203 2501 10.
216 2444 316 2521 Exque
333 2464 366 2503 eo
387 2446 513 2523 primum
530 2447 652 2522 cognovi
670 2466 741 2523 quae
758 2447 897 2504 Kalendis

59 2521 128 2579 Sext
129 2523 244 2580 ilibus'
237 2543 267 2580 ιιι
290 2532 389 2582 senatu
410 2526 512 2583 fuisset
534 2525 565 2582 L.
581 2526 695 2583 Pisonis
713 2527 825 2592 oratio:
848 2527 896 2602 qui

60 2621 232 2679 quamquam
249 2623 349 2681 parum
363 2606 494 2662 erat-id
511 2606 587 2663 euim
604 2606 699 2682 ipsum
714 2626 731 2662 a
744 2605 817 2663 Brut
806 2613 836 2663 to
850 2625 898 2663 au-

60 2681 225 2740 dieram-a
243 2684 344 2760 quibus
365 2685 502 2742 debuerat
519 2686 598 2743 adiut
586 2692 641 2756 tus,
653 2693 750 2743 tamen
767 2694 796 2743 et
812 2685 897 2743 Bruti

59 2762 323 2855 testimonio-quo
341 2764 410 2841 quid
430 2772 527 2841 potest
544 2784 604 2822 esse
620 2765 821 2841 graviusl-et
838 2785 898 2822 om-

59 2841 139 2897 nium
156 2843 308 2917 praedicat
301 2862 365 2900 rone
367 2864 459 2921 ,quos
478 2852 543 2921 post
545 2864 578 2902 ea
531 2845 661 2912 ιιιιιι,
673 2864 807 2936 maguam
824 2844 896 2901 mihi

58 2920 208 2979 videbatur
218 2921 337 2998 gloriam
348 2932 523 2981 consecutus.
558 2923 645 2981 Hunc
659 2924 790 3000 igiturut
801 2943 898 3001 seque

59 3019 103 3056 rer
118 3001 276 3077 properavi,
289 3022 373 3078 quem
390 3009 552 3080 praesentes
569 3022 627 3059 non
645 3010 712 3060 sunt
729 3004 826 3073 secuti,
838 3022 897 3060 nou

59 3080 278 3155 utproficerem
297 3082 510 3160 aliquid—nec
528 3083 605 3140 euim
626 3082 773 3160 sperabam
794 3047 827 3139 id
844 3101 900 3138 neo

61 3166 200 3237 praestare
219 3167 272 3239 pot
259 3162 443 3221 teram-sed
456 3169 502 3235 ut,
515 3162 544 3220 si
557 3161 633 3241 quid
646 3156 929 3217 inmxnumau'xtxxt
