1988 3480
81 150 129 196 130
237 147 307 199 PRO
323 148 463 198 ARCHIA
479 147 598 197 POETA
615 147 758 198 ORATIO.

80 248 145 318 sint,
157 248 282 324 petimus
302 268 320 304 a
335 249 425 320 vobis
437 249 552 320 iudices
565 249 588 305 si
608 269 664 325 qua
682 269 740 306 non
761 250 849 306 modo
866 250 916 306 hu-

80 348 172 397 mana,
188 347 285 385 verum
306 329 393 386 etiam
418 330 514 386 divina
535 330 565 385 in
590 330 677 386 tantis
698 330 820 406 ingeniis
841 350 916 386 ccm-

79 408 226 465 mendatio
248 409 334 466 debet
358 429 425 481 esse,
441 417 473 466 ut
497 429 571 479 cum,
588 410 637 485 qui
658 429 716 480 vos,
736 411 784 486 qui
809 417 916 466 ventres

80 489 272 565 imperatores,
289 491 338 566 qui
358 489 458 567 populi
480 489 604 545 Romani
625 509 670 546 res
692 498 786 565 gestas
807 510 917 566 semper

80 569 199 640 ornavit,
216 570 266 646 qui
287 570 373 627 etiam
390 570 435 626 his
455 569 616 626 recentibus
636 570 741 626 nostris
762 570 916 645 vestrisque

80 648 245 706 domesticis
258 650 391 727 perieulis
405 656 550 707 aeternum
568 670 597 706 se
614 650 811 706 testimonium
826 649 917 706 laudis

80 730 213 786 daturum
235 749 295 787 esse
318 729 469 807 profitetur
490 737 589 806 estque
612 749 646 786 cx
669 749 703 786 ee
725 749 851 798 numera,
869 730 916 805 qui

80 828 192 886 semper
208 810 285 886 apud
302 829 401 866 ornnes
422 810 512 866 sancti
533 816 599 866 sunt
616 809 708 866 habiti
725 809 820 885 itaque
838 809 916 876 dicti,

80 889 164 945 sicin
179 897 300 946 vestram
318 889 463 965 accipiatis
477 888 572 958 fidem,
588 896 620 945 ut
633 888 811 945 humanitate
826 896 918 944 vestra

80 968 188 1025 levatus
201 970 394 1045 potiusquam
409 967 562 1025 acerbitate
573 967 694 1024 violatus
709 987 768 1025 esse
779 967 915 1024 videatur.

81 1054 127 1106 32.
146 1047 225 1116 Quae
246 1049 281 1105 de
306 1067 390 1104 causa
410 1067 462 1124 pro
483 1067 547 1104 mea
569 1047 775 1104 consuetudine
796 1047 918 1103 breviter

80 1127 303 1204 simpliciterque
324 1127 392 1198 dixi,
407 1127 523 1198 iudices
539 1147 573 1184 ea
590 1126 704 1184 confido
721 1127 841 1204 probata
858 1146 918 1183 esse

80 1207 230 1264 omnibus:
253 1226 325 1287 quae
343 1226 422 1264 secus
438 1225 470 1264 ac
487 1226 551 1264 mea
568 1207 751 1284 iudicialique
770 1213 918 1264 consuetu-

80 1286 146 1344 dine
163 1294 192 1345 et
209 1288 244 1345 de
261 1287 387 1345 hominis
400 1287 517 1364 ingenio
532 1293 561 1344 et
574 1288 765 1345 communiter
779 1288 814 1344 de
828 1287 918 1363 ipsius

80 1367 175 1424 studio
189 1367 302 1425 locutus
319 1386 390 1437 sum,
403 1386 444 1435 ea,
456 1367 602 1438 iudices‚a
618 1368 700 1425 vobis
717 1387 798 1444 spero
814 1386 873 1424 esse
888 1367 917 1423 in

79 1445 184 1504 bonam
201 1455 312 1524 partem
331 1452 454 1524 accepta,
467 1446 502 1504 ab
520 1466 562 1517 ec,
575 1447 624 1525 qui
642 1448 780 1505 iudicium
797 1454 916 1516 exercet,

79 1532 157 1583 certo
171 1526 238 1586 scio,
