1988 3480
289 148 367 196 cnr.
383 148 533 208 xr.‚xr1.‚
549 147 563 207 ι
578 150 666 197 aa-ea
851 152 897 198 ror

62 232 137 304 nmio
151 246 228 305 idem
242 247 273 304 in
286 249 352 305 foro
366 248 401 306 de
416 249 535 325 optimis
548 255 577 306 et
591 248 658 311 huic
673 249 752 306 omni
769 249 900 325 frequen-

61 329 117 384 tiae
142 327 350 404 probatissimis
373 328 518 386 fratribus.
560 328 605 386 Ut
629 329 793 386 concessisti
818 329 899 386 illum

61 408 180 477 senatui,
193 408 232 464 sie
247 407 285 464 da
294 407 370 465 hunc
384 407 500 545 populo,
511 408 591 476 cuius
602 408 778 465 voluntatem
793 409 901 466 carissi·

61 506 138 542 mam
156 506 267 563 semper
283 487 417 559 habuisti,
428 494 465 560 et,
478 508 501 543 s1
493 487 563 544 'ille
584 488 645 545 dies
661 488 715 545 tibi
732 488 901 564 gloriosissi·

61 585 126 622 mus
127 567 254 649 ,populo
271 566 402 623 Romano
419 568 597 643 gratissimus
614 568 679 638 fnit,
692 567 759 638 noli,
773 567 898 638 obsecre,

18 691 20 694 ι
62 611 145 702 dubit
133 652 200 716 tare,
211 646 242 704 C.
252 645 362 718 Caesar,
373 647 494 703 similem
509 646 551 703 illi
564 646 671 724 gloriae
685 646 799 703 laudem
814 665 900 724 quam

62 725 225 801 saepissime
242 746 382 818 quaerere.
426 726 506 783 Nihil
524 733 566 784 est
582 734 642 783 tam
659 726 795 803 populare
814 745 899 802 quarn

61 804 143 862 bonit
131 812 182 876 tas,
194 826 233 862 nu
234 806 272 862 lla
292 806 328 862 de
345 806 433 863 virtut
421 806 498 863 tibus
514 807 572 863 tuis
588 807 718 883 plurimis
739 824 791 863 nec
812 805 901 862 adrni-

61 884 177 941 rabilior
192 905 244 942 nec
264 886 373 962 gratior
388 884 583 942 misericordia
599 892 649 943 est.
693 891 738 943 38.
757 885 900 943 Homines

62 964 138 1020 enim
155 965 192 1021 ad
208 965 277 1022 deos
294 964 371 1022 nulla
391 984 421 1022 re
437 965 556 1042 plopius
572 966 711 1023 accedunt
726 985 812 1042 quam
829 965 901 1022 salu·

61 1050 120 1100 tem
134 1043 300 1103 hominibus
317 1045 420 1103 dende.
457 1044 537 1102 Nihil
552 1028 639 1119 habet
653 1065 704 1103 nee
719 1045 837 1103 fortuna
849 1051 901 1102 tua

61 1124 152 1181 maius
169 1144 254 1202 quam
275 1132 318 1182 ut
328 1125 428 1202 possis,
444 1145 496 1182 nee
516 1132 618 1182 natura
638 1124 739 1183 melius
760 1136 846 1217 quam
868 1131 900 1182 ut

62 1203 130 1261 velis
146 1223 255 1262 servare
271 1205 517 1282 quamplurimos.
554 1204 726 1281 Longiorem
741 1206 900 1262 orationem

61 1302 144 1340 causa
158 1284 278 1340 forsitan
289 1283 461 1360 postulabat,
471 1291 522 1340 tua
532 1291 606 1341 certe
621 1291 722 1341 natura
732 1284 898 1341 breviorem.

61 1361 170 1430 Quare
187 1383 252 1420 oum
270 1362 369 1420 utilius
387 1382 447 1420 esse
463 1361 582 1419 arbitrer
598 1370 627 1420 te
644 1364 738 1440 ipsum
755 1382 839 1439 quam
854 1382 899 1421 me

61 1448 111 1498 aut
126 1461 298 1518 quemquam
312 1442 392 1519 loqui
408 1448 512 1511 tecum,
524 1440 611 1500 finem
625 1443 683 1499 iam
697 1443 818 1500 faciam:
840 1450 899 1500 tan·

61 1527 124 1577 tum
145 1528 174 1578 te
198 1521 369 1592 admonebo,
385 1521 409 1577 si
433 1521 475 1578 illi
499 1521 611 1578 absenti
634 1521 755 1581 salutem
779 1522 899 1595 dederis,

61 1602 258 1680 praesentibus
271 1602 317 1660 his
332 1601 465 1660 omnibus
479 1609 507 1660 te
522 1600 663 1660 daturum
708 1606 709 1609 ’

109 1715 113 1723 ·
219 1695 291 1750 16”
