1988 3480
75 124 121 171 rte
208 121 279 171 PRO
295 121 325 170 T.
340 120 453 170 ANNIO
470 120 608 169 MILONE
625 112 768 170 ORATIO.

72 223 233 281 redundant
250 241 284 280 ex
300 221 382 279 fonte
398 221 448 278 illo
466 222 584 279 dolores
621 221 698 290 Quid
714 241 761 279 me
778 220 916 280 reducem

73 322 134 359 esse
148 302 294 380 voluistis?
314 321 351 359 an
365 309 398 359 ut
408 302 586 378 inspectante
599 321 646 358 me
659 301 869 379 expellerentur
884 303 915 374 ii,

73 401 124 458 per
134 401 205 458 quos
219 401 308 439 essem
323 382 471 439 restitutus
481 383 491 438 l
525 380 630 453 Nolite,
641 381 758 438 obsecro
769 400 828 452 vos,
839 400 917 439 acer·

73 461 182 518 biorcm
196 461 269 518 mihi
283 462 344 538 pati
360 462 484 519 reditum
501 480 667 538 essequam
684 461 772 518 fuerit
789 459 836 518 ille
850 462 916 537 ipse

74 541 219 598 discessus,
256 541 330 598 Nam
351 542 399 618 qui
420 561 536 618 possum
559 550 658 618 putare
679 560 725 597 me
746 540 914 598 restitutum

74 640 141 690 esse,
154 622 178 677 si
192 621 332 678 distrahar
345 621 381 678 ab
394 621 438 692 iis,
450 640 500 697 per
514 640 586 698 quos
600 621 748 678 restitutus
762 621 845 678 sumt

113 700 287 759 XXXVIII.
303 701 424 759 Utinam
439 701 469 757 di
480 701 655 757 immortales
665 701 915 776 fecissent—paco

73 788 130 852 tua,
143 781 243 857 patria,
255 781 392 838 dixerim:
413 787 512 837 metuo
526 781 603 837 enim
617 800 653 837 ne
670 780 803 837 scelerate
817 779 914 836 dicam

74 860 146 917 inte
161 860 238 937 quod
248 879 301 937 pro
312 860 419 917 Milone
433 860 526 917 dicam
540 860 738 936 pic-utinam
750 859 782 916 P.
792 858 915 916 Clodius

73 959 132 996 nou
146 940 234 996 modo
244 940 359 1011 viveret,
371 940 421 997 sed
435 940 521 997 etiam
536 947 656 1016 praetor,
669 939 776 1010 consul,
788 938 915 996 dictator

74 1027 147 1076 esset
163 1019 260 1096 potius
277 1038 362 1095 quam
379 1019 434 1077 hec
451 1018 643 1095 spectaculum
658 1019 800 1076 viderem!
844 1023 912 1077 104.

73 1097 101 1156 Ο
115 1099 145 1155 di
159 1099 350 1156 immortales!
371 1100 477 1156 fortem
495 1106 524 1156 et
538 1119 555 1156 a
570 1098 660 1170 vobiS,
672 1098 788 1170 iudices,
801 1117 915 1155 conser-

74 1177 199 1235 vandum
223 1178 332 1236 virum!
373 1179 501 1249 Minime,
522 1179 649 1251 minime,
672 1177 773 1255 inquit.
816 1177 915 1236 Immo

73 1277 140 1315 vero
154 1277 261 1335 poenas
276 1258 324 1316 illc
341 1258 452 1316 debitas
469 1259 570 1316 luerit:
592 1278 645 1315 nos
659 1258 818 1328 subeamus,
831 1258 855 1315 si
872 1258 916 1316 ita

74 1357 187 1395 necesse
201 1345 252 1409 est,
262 1358 321 1396 non
332 1338 449 1396 debitas.
470 1360 472 1366 ·
485 1338 591 1395 Hicine
601 1338 645 1395 vir
654 1338 762 1415 patriae
773 1343 859 1394 natus
868 1357 915 1394 us

75 1437 161 1495 quam
172 1418 227 1475 nisi
241 1419 271 1474 in
281 1419 373 1494 patria
382 1419 528 1489 morietur,
540 1425 597 1488 aut,
610 1418 634 1475 si
644 1419 728 1489 forte,
738 1432 791 1496 pro
802 1417 916 1495 patrial

75 1497 159 1554 huius
176 1517 227 1554 vos
247 1499 335 1554 animi
351 1505 538 1554 monumenta
558 1498 726 1569 retinebitis
738 1496 866 1575 corporis
882 1498 916 1554 in

75 1577 158 1634 Italia
178 1576 289 1634 nullum
310 1577 470 1654 sepulcrum
491 1595 551 1634 esse
572 1577 742 1654 patieminil
763 1577 841 1634 hunc
863 1597 917 1635 sua

76 1657 226 1734 quisquam
237 1658 377 1714 sententia
387 1677 421 1714 ex
432 1657 485 1714 hac
496 1655 565 1714 urbe
576 1657 705 1735 expellet,
716 1676 802 1736 quem
813 1676 918 1715 omnes

76 1737 159 1794 urbes
180 1737 329 1813 expulsum
353 1737 472 1794 avobis
492 1736 530 1793 ad
550 1756 580 1794 se
600 1737 759 1795 vocabunt?
802 1742 868 1795 105.
888 1737 917 1797 Ο
942 1765 943 1768 ’

75 1823 179 1873 terram
202 1816 281 1874 illam
305 1817 427 1886 beatam,
446 1835 518 1894 qnae
538 1817 614 1874 hunc
635 1818 728 1874 virum
752 1817 916 1894 exceperit:

75 1895 148 1953 hanc
176 1897 325 1972 ingratam,
347 1897 371 1953 si
399 1897 530 1954 eiecerit:
558 1898 700 1969 miseram,
716 1897 740 1954 si
767 1897 917 1956 amiserit!

76 1974 133 2032 Sed
153 1975 218 2030 finis
239 1976 292 2033 sit:
314 1995 405 2053 neque
427 1977 503 2034 enim
525 1997 591 2054 prae
606 1978 736 2035 lacrimis
756 1976 813 2034 iam
833 1976 917 2055 loqui
937 2037 940 2041 ,

75 2073 201 2131 possum,
214 2061 242 2111 et
258 2054 305 2112 hic
326 2075 355 2112 sc
375 2055 499 2114 lacrimis
520 2057 638 2116 defendi
658 2064 743 2114 vetat.
779 2055 843 2114 Vos
863 2075 917 2114 oro

76 2133 267 2210 obtestorque,
282 2134 398 2208 iudices,
410 2143 444 2194 nt
464 2137 495 2194 iu
516 2138 664 2195 sententiis
684 2135 819 2207 ferendis,
836 2136 919 2213 qnod

76 2213 212 2285 sentietis,
227 2213 259 2271 id
274 2215 410 2274 audeatis.
452 2217 587 2275 Vestram
604 2216 748 2288 virtutem,
764 2215 917 2287 iustitiam,

76 2292 170 2364 fidem,
181 2294 255 2351 mihi
272 2296 387 2367 credite,
399 2297 424 2353 is
439 2297 563 2354 maxime
580 2295 721 2374 probabit,
734 2295 784 2374 qui
798 2296 828 2353 in
843 2294 919 2354 iudi·

76 2372 156 2429 cibus
169 2373 297 2451 legendis
314 2377 457 2452 optimum
475 2382 504 2434 et
517 2375 760 2454 sapientissimum
777 2382 806 2434 et
819 2375 919 2434 torti-s·

76 2452 181 2510 simum
196 2473 337 2534 quemque
351 2454 445 2534 elegit.
