1988 3480
289 121 370 172 cAP.
388 122 529 183 VII.-1X.,
547 120 562 182 ᾗ
577 125 666 172 17-22.
867 128 900 174 35

59 224 225 300 repudiatus
249 223 287 281 ad
311 223 437 281 sodalem
461 230 553 296 tuum,
571 224 664 281 virum
689 223 841 303 optimum,
860 225 897 284 M.

60 303 225 360 Marcellum
243 304 425 380 demigrasti:
447 323 533 380 quem
550 311 583 361 tu
599 304 732 361 videlicet
746 312 774 361 ct
788 305 826 361 ad
839 325 900 362 cus-

58 383 230 441 todiendum
255 391 284 441 te
308 383 560 460 diligentissimum
586 384 672 441 etad
697 385 900 460 suspicandum

59 464 273 539 sagacissimum
295 472 324 521 et
345 463 381 521 ad
402 463 606 520 vindicandum
627 464 816 521 fortissimum
838 465 900 522 fore

59 543 175 619 putasti.
219 543 276 600 Sed
294 562 379 621 quam
393 543 479 619 longe
493 543 607 600 videtur
622 563 640 601 a
656 563 764 601 carcere
782 552 867 622 atque
884 566 902 602 a

60 622 180 680 vinculis
199 622 296 680 abesse
314 623 424 694 debere,
437 624 486 700 qui
501 643 530 680 se
547 624 608 700 ipse
627 624 684 680 iam
702 624 823 701 dignum
841 645 901 682 cus-

59 703 140 759 todia
164 703 317 761 iudicarit?
357 709 404 761 20.
427 703 506 779 Quae
531 723 597 760 cum
621 705 662 761 ita
686 704 751 775 sint,
767 704 900 775 Catilina,

61 782 182 854 dubitas,
198 783 222 840 si
243 783 334 840 emori
354 803 445 860 aequo
467 784 564 840 animo
586 802 643 840 non
665 791 756 860 potes,
772 784 849 840 abire
870 785 900 841 in

46 862 166 939 ¹aliquas
200 869 288 920 terras
321 870 351 921 et
380 865 469 921 vitam
500 864 593 935 istam,
621 863 721 920 multis
754 864 901 941 suppliciis

59 941 141 999 iustis
158 942 319 1021 debitisque
341 951 476 1021 ereptam,
492 944 578 1020 fugae
600 943 803 1022 solitudinique
822 964 901 1001 man-

59 1022 145 1080 daret

99 1101 194 1175 Refer,
207 1103 311 1180 inquis,
324 1103 361 1160 ad
375 1110 522 1160 senatum:
544 1103 575 1160 id
592 1104 670 1161 enim
683 1104 811 1181 postulas
826 1112 862 1175 ct,
877 1105 901 1161 si

59 1181 106 1240 hic
121 1183 191 1240 ordo
207 1183 261 1240 sibi
275 1183 386 1261 placere
400 1183 557 1240 decrere1it
571 1191 600 1241 te
614 1185 655 1241 ire
671 1185 702 1240 in
717 1184 842 1255 exilium,
852 1185 903 1241 ob-

59 1268 283 1340 temperaturum
301 1271 330 1321 te
347 1283 407 1320 esse
424 1263 503 1320 dicis.
547 1263 614 1320 Non
632 1264 762 1334 referam,
775 1264 805 1321 id
823 1264 901 1340 quod

59 1342 192 1400 abhorret
206 1364 224 1401 a
239 1343 310 1400 meis
327 1344 463 1415 moribus,
477 1350 615 1401 ettamen
630 1344 734 1400 faciam
752 1352 785 1400 ut
799 1344 902 1401 intolli-

59 1441 110 1498 gas
126 1423 195 1499 quid
209 1423 240 1479 hi
255 1424 290 1480 de
299 1429 334 1480 ‘tc
349 1424 480 1480 sentiant.
523 1423 666 1500 Egredcrc
683 1444 718 1480 ex
735 1423 813 1494 urbe,
826 1423 902 1481 Cati-

19 1525 21 1528 ⁴
61 1501 127 1573 lina,
139 1502 227 1559 libera
245 1521 305 1560 rem
322 1503 466 1580 publicam
486 1510 574 1574 metu,
585 1504 616 1559 in
635 1503 774 1573 exsilium,
787 1504 810 1560 si
828 1504 901 1560 hanc

60 1601 160 1638 vocem
186 1590 341 1658 exspectas,
361 1582 545 1659 proficiscere.
588 1581 665 1649 Quid
690 1590 740 1653 cst,
760 1583 904 1640 Catilina?

61 1661 164 1739 ecquid
181 1662 325 1719 attendis?
349 1662 452 1738 ecquid
473 1662 675 1718 animadvertis
695 1663 799 1718 horum
821 1663 902 1719 silen-

60 1741 151 1799 tium?
191 1741 353 1814 Patiuntur,
372 1749 475 1799 tacent.
520 1740 598 1810 Quid
619 1749 765 1819 exspectas
782 1743 903 1800 auctori·

61 1827 150 1878 tatem
159 1821 346 1898 loquentium,
358 1841 480 1900 quorum
488 1822 665 1879 voluntatem
677 1822 829 1880 tacitorum
841 1842 902 1899 pcr-

61 1902 165 1977 spicis?
200 1908 245 1959 21.
262 1901 304 1959 At
319 1903 342 1959 si
356 1902 411 1959 hoc
427 1902 504 1959 idem
518 1901 586 1960 huic
600 1902 774 1960 adolescenti
789 1904 903 1980 optimo

60 1981 93 2038 P.
105 1982 206 2053 Sestio,
219 1983 242 2038 si
253 1983 411 2040 fortissimo
423 1983 483 2039 viro
495 1983 533 2040 M.
544 1983 677 2040 Marcello
690 1983 832 2054 dixissem,
844 1985 900 2040 iam

60 2062 132 2118 mihi
151 2062 260 2119 consuli
280 2062 334 2120 hoc
354 2063 418 2140 ipso
437 2063 466 2118 in
484 2062 593 2139 templo
612 2063 673 2120 iure
692 2064 804 2140 optimo
824 2083 902 2119 sena-

60 2148 107 2198 tus
124 2142 181 2198 vim
196 2150 225 2200 et
241 2163 343 2200 manus
359 2143 510 2199 intulisset.
548 2142 594 2199 Dc
608 2149 637 2199 te
654 2150 758 2213 autem,
768 2143 899 2212 Catilina,

61 2240 126 2278 cum
144 2223 301 2300 quiescunt,
313 2223 453 2298 probant:
475 2241 542 2279 cum
558 2223 715 2298 patiuntur,
727 2223 902 2280 decernunt:

61 2321 127 2358 cum
146 2309 251 2373 tacent,
263 2303 403 2358 clamant:
426 2320 518 2378 neque
539 2301 570 2358 hi
591 2302 692 2374 solum,
706 2322 827 2379 quorum
847 2301 901 2358 tibi

61 2382 214 2438 auctoritas
232 2388 275 2438 est
289 2382 420 2439 videlicet
435 2401 505 2452 cara,
518 2382 577 2438 vita
591 2383 734 2452 vilissima,
748 2382 798 2438 scd
815 2382 900 2437 etiam

61 2461 102 2517 illi
122 2462 231 2538 equites
250 2460 382 2532 Romani,
398 2461 592 2518 honestissimi
612 2471 697 2538 atquc
718 2461 821 2538 optimi
840 2460 900 2530 viri,

61 2541 203 2617 ceterique
217 2542 367 2599 fortissimi
384 2542 466 2612 cives,
480 2542 529 2618 qui
547 2549 623 2598 stant
637 2544 743 2598 circum
761 2546 900 2610 senatum,

61 2638 183 2695 quorum
197 2628 230 2678 tu
244 2628 273 2678 et
286 2622 477 2698 frequentiam
489 2621 584 2678 vidoro
599 2628 627 2678 ct
639 2621 733 2677 studia
743 2621 902 2697 perspicere

62 2706 91 2755 ct
104 2720 187 2756 voces
200 2701 296 2776 paullo
311 2710 376 2758 ante
391 2701 523 2758 exaudire
538 2702 665 2777 potuisti.
703 2701 832 2769 Quorum
848 2720 901 2773 eqo

62 2779 109 2834 vix
129 2779 223 2837 abste
243 2781 299 2837 iarn
317 2782 366 2838 diu
385 2801 487 2838 manus
506 2801 538 2838 ac
555 2781 612 2838 tela
630 2782 772 2852 contineo,
786 2781 901 2838 cosdem

62 2859 145 2915 facile
162 2859 310 2931 adducam,
323 2869 355 2917 ut
369 2869 398 2918 tc
415 2861 492 2931 haec,
506 2880 576 2937 quae
594 2863 649 2918 iam
666 2862 777 2937 pridem
792 2869 901 2917 vastare

63 2938 167 3010 studes,
179 2940 385 3017 relinquentem
400 2960 489 3016 usque
504 2941 540 2997 ad
554 2949 651 3016 portas
664 2948 878 3017 prosequantur.

103 3018 155 3077 IX.
192 3027 237 3077 22.
255 3021 435 3096 Quamquam
451 3021 520 3096 quid
534 3021 653 3096 loquor?
688 3020 728 3076 Tc
745 3028 776 3074 ut
790 3019 906 3072 ullams

62 3097 194 3177 frangat?
215 3107 248 3157 tu
261 3107 296 3158 nt
308 3120 453 3179 umquam
464 3108 498 3157 te
511 3101 661 3173 eorixqsst
678 3106 720 3149 tu
726 3093 876 3180 ww*
881 3090 959 3190 *Q

55 3198 125 3254 gam
141 3182 305 3244 mcditcrcl
329 3191 365 3243 tu
379 3190 418 3242 ut
428 3181 572 3242 exsilium
585 3171 729 3247 ceq'xtest
751 3159 939 3216 mmm*
