1988 3480
304 125 383 173 CAP.
400 124 570 185 xlta-xv,
587 122 601 184 §
616 124 706 176 35-40.
881 129 930 176 153

88 224 189 296 siones,
201 243 286 302 quam
300 224 458 300 praeclarae
472 225 606 283 fuerunt!
641 224 787 298 Potuitne,
800 244 866 284 cum
880 227 930 284 do-

88 325 167 361 mum
187 324 220 361 ae
239 305 307 361 deos
328 310 446 380 penates
467 324 533 362 suos
553 305 604 362 illc
625 313 811 382 oppugnante
832 307 930 364 defen-

88 384 176 454 deret,
192 385 252 441 iure
274 403 303 439 se
320 384 439 441 uleiscil
462 385 595 461 potuitne
616 386 671 442 civi
689 386 804 462 egregio
822 394 850 444 et
867 387 928 444 viro

88 464 255 534 fortissime,
266 463 298 520 P.
308 463 410 534 Sestio,
420 464 530 540 collega
544 484 604 535 suo,
612 465 778 523 vulnerato?
797 467 930 543 potuitne

89 543 122 610 Q.
137 542 274 614 Fabricio,
287 543 348 600 viro
366 544 486 619 optimo,
499 563 565 600 cum
587 545 622 601 de
639 545 733 601 reditu
754 565 819 602 meo
836 546 929 623 legem

88 624 184 692 fcrrot,
200 623 291 698 pulsu,
308 622 503 680 crudelissima
523 624 554 680 in
574 625 639 681 foro
661 624 746 681 caede
765 625 860 682 factal
880 645 930 702 po-

88 703 181 760 tuitne
201 703 231 760 L.
243 702 367 774 Caecilii,
384 703 533 760 iustissimi
554 703 761 781 fortissimique
782 705 928 780 praetoris,

89 789 256 859 oppugnata
270 783 375 840 domol
396 784 529 859 potuitne
543 783 593 840 illo
610 784 665 854 dic,
678 803 743 840 curn
758 791 802 841 est
815 784 872 841 lata
885 784 929 841 lex

89 863 125 919 de
136 863 200 919 mel
221 863 387 929 cumtotius
398 863 497 921 Italiae
511 883 672 936 concursus
686 883 770 941 quem
781 883 845 921 mea
855 863 930 921 salus

89 943 253 1012 concitarat,
265 943 335 999 iacti
353 943 429 1000 illius
450 944 571 1020 gloriam
592 943 683 1002 libens
704 944 874 1021 agnovisset,
887 951 928 1016 ut,

90 1022 176 1079 etiam
194 1023 218 1079 si
235 1023 266 1079 id
280 1023 350 1080 Milo
367 1024 490 1093 iecisset,
503 1032 606 1082 cuncta
622 1024 721 1081 civitas
738 1043 801 1081 eam
816 1024 929 1081 laudem

88 1121 141 1178 pro
156 1103 390 1162 suavindicaretl
424 1105 492 1163 XV.
523 1110 568 1162 39.
584 1104 627 1161 At
638 1105 716 1181 quod
727 1111 787 1161 erat
797 1105 931 1181 tempusl

90 1181 269 1241 Clarissimus
290 1191 319 1241 et
339 1185 514 1242 fortissimus
535 1184 643 1255 consul,
661 1185 795 1241 inimicus
816 1184 928 1254 Clodiu,

89 1262 121 1320 P.
133 1263 277 1335 Lentulus,
287 1264 363 1322 ultor
376 1265 489 1322 sceleris
503 1264 586 1334 illius,
596 1272 793 1340 propugnator
807 1272 928 1335 senatus,

90 1342 224 1400 defensor
237 1351 345 1401 vestrae
359 1344 523 1415 voluntatis,
535 1351 673 1421 patronus
689 1344 797 1421 publici
815 1363 931 1400 consen·

90 1441 145 1493 sue,
158 1424 306 1480 restitutor
327 1423 425 1480 salutis
445 1442 541 1481 meae:
564 1432 674 1500 septem
695 1431 847 1500 praetores
864 1430 929 1480 octo

89 1502 199 1559 tribuni
215 1502 317 1579 plebei,
330 1503 406 1559 illius
422 1503 582 1574 adversarii,
595 1504 759 1561 defensores
779 1503 853 1560 mei:
876 1501 928 1560 Cn.

91 1581 256 1658 Pompeius,
272 1589 371 1639 auctor
393 1589 422 1640 et
444 1583 502 1640 dux
524 1584 581 1640 mei
603 1584 719 1653 reditus,
732 1583 807 1640 illius
829 1582 928 1655 hostiS,

91 1662 171 1741 cuius
189 1662 360 1719 sententiam
377 1670 491 1719 senatus
512 1663 606 1719 omnis
623 1663 658 1720 dc
675 1663 764 1720 salute
785 1682 850 1719 mea
869 1681 931 1740 gra-

91 1741 236 1798 vissimam
254 1749 283 1799 ct
300 1742 510 1799 ornatissimam
528 1749 640 1800 secutus
657 1749 708 1812 est,
724 1743 772 1820 qui
790 1743 929 1819 populum

91 1820 259 1878 Romanum·
270 1828 312 1879 est
326 1820 508 1880 cohortatus:
531 1823 579 1899 qui
594 1841 660 1879 curn
677 1823 712 1880 dc
726 1842 772 1879 me
784 1824 929 1880 decretum

47 1976 49 1979 Ι
91 1901 206 1978 Capuae
220 1903 343 1973 fecisset,
355 1902 416 1978 ipse
434 1908 551 1959 cunctae
566 1901 665 1959 Italiae
681 1902 809 1979 cupienti
826 1904 930 1960 eteius

91 1980 176 2038 fidem
195 1981 360 2058 imploranti
380 1982 495 2057 signum
516 1982 603 2053 dedit,
616 1990 649 2039 ut
665 1982 703 2038 ad
719 2002 765 2039 me
782 1983 930 2040 restituen-

91 2061 160 2118 dum
177 2060 300 2119 Romam
317 2067 534 2118 concurrerent:
557 2062 655 2118 omnia
674 2068 737 2119 tum
759 2063 881 2139 denique
899 2063 929 2119 in

91 2140 171 2197 illum
186 2142 252 2199 odia
266 2141 371 2198 civium
386 2140 524 2198 ardebant
538 2142 680 2199 desiderio
698 2142 763 2212 mei,
777 2161 862 2219 quem
880 2142 929 2219 qui

90 2227 153 2276 turn
164 2221 361 2291 interemisset,
370 2240 428 2277 non
438 2221 473 2278 de
484 2222 656 2299 impunitate
668 2222 736 2291 eius,
749 2223 799 2279 sed
810 2223 931 2298 deprae

91 2301 157 2357 miis
181 2301 360 2377 cogitaretur.
400 2306 446 2367 40.
465 2301 574 2357 Tamen
595 2321 624 2358 se
646 2301 716 2358 Milo
737 2302 880 2358 continuit
901 2308 930 2358 et

91 2379 123 2435 P.
135 2379 268 2436 Clodium
286 2380 316 2435 in
333 2380 471 2438 iudicium
488 2380 540 2450 bis,
553 2380 590 2436 ad
604 2381 661 2436 vim
679 2400 835 2457 numquam
850 2400 931 2437 voca-

92 2458 140 2515 vit.
177 2458 272 2527 Quint
293 2460 404 2535 privato
420 2460 526 2516 Milone
541 2466 570 2516 et
584 2479 632 2516 reo
646 2461 683 2517 ad
697 2460 836 2537 populum
851 2479 931 2516 accu-

92 2545 171 2595 sante
188 2539 221 2595 P.
234 2538 346 2609 Clodi0,
362 2559 427 2597 cum
448 2540 478 2596 in
497 2539 550 2596 Cn.
561 2540 734 2616 Pompeium
753 2559 805 2616 pro
823 2538 930 2596 Milone

92 2618 234 2675 dicentem
259 2618 384 2695 impetus
404 2620 498 2676 factus
519 2625 569 2689 est,
586 2639 658 2695 quae
679 2626 741 2675 tum
762 2639 820 2676 non
842 2619 930 2675 modo

91 2698 211 2766 occasio,
223 2698 272 2755 sed
284 2699 369 2755 etiarn
384 2719 468 2757 causa
483 2700 557 2756 illius
572 2699 754 2776 opprimendi
764 2699 840 2756 fuiti
871 2699 931 2756 Nu-

92 2797 144 2854 per
163 2788 230 2835 vero
255 2798 319 2835 cum
343 2778 380 2835 M.
399 2778 545 2835 Antonius
567 2798 707 2836 summam
729 2798 808 2854 spem
832 2778 930 2835 salutis

92 2857 176 2913 bonis
191 2858 323 2914 omnibus
340 2858 481 2915 attulisset
498 2858 749 2934 gravissimamque
767 2858 930 2916 adolescens

93 2937 286 2994 nobilissimus
303 2939 343 2994 rei
357 2937 487 3014 publicae
501 2944 612 3013 partem
626 2937 780 2994 fortissime
795 2938 930 3015 suscepis-

93 3024 144 3087 set,
157 3024 243 3093 atque
257 3017 334 3073 illam
350 3016 470 3087 beluam,
483 3017 582 3074 iudicii
597 3017 712 3094 laqueos
729 3017 928 3087 declinantem,

93 3097 150 3152 iam
173 3098 310 3154 irretitam
327 3104 444 3166 teneret,
458 3097 506 3173 qui
524 3096 610 3168 locuS,
624 3097 703 3173 quod
717 3104 837 3171 tempus
848 3097 944 3157 illud,

94 3176 124 3233 di
138 3177 320 3246 immortales,
333 3176 407 3236 fuit!
431 3196 499 3237 cnm
512 3177 609 3237 seille
623 3175 800 3254 iugrens'm
812 3170 970 3226 mnarum
