1988 3480
69 116 117 163 266
147 112 182 161 lN
202 110 238 161 ll.
253 108 446 159 nu'ruxwu
463 108 600 159 ORATIO
618 108 852 161 PHILIPPICA
869 112 905 160 11.

69 214 178 273 ritu-nri
201 212 280 270 inlini
302 209 657 288 Deiotaro—quidquam
682 211 754 281 sibi,
774 213 859 291 quod
881 233 928 270 nos

72 317 122 372 pra
147 294 193 350 illo
219 292 434 369 postularemus,
454 310 577 368 aequum
602 290 681 348 dixit
708 292 817 351 videri.
862 292 929 370 Syn·

70 374 177 449 grapho
192 373 312 428 sestertii
327 372 454 427 (euticus
465 390 515 447 per
528 370 649 447 legatos,
662 371 748 428 viros
763 372 872 442 bonos,
883 372 928 431 sed

71 454 188 511 tinnulos
213 462 239 508 et
268 452 424 529 imperitos,
442 451 503 507 sine
527 457 635 520 nostra,
653 450 722 508 siue
748 452 927 530 reliquorum

72 534 217 609 turpium
236 533 312 603 regis
328 531 476 597 sententia,
489 531 566 587 faeta
582 529 613 586 in
629 549 790 607 gynaeceo
809 541 864 603 est,
875 552 928 610 quo

73 615 99 670 in
119 614 181 669 lor-o
199 613 337 689 plurimae.
355 631 399 668 res
412 611 560 667 venierunt
576 617 605 666 et
623 619 768 669 veneunt.
814 612 882 682 Qua
897 633 928 670 ex

72 693 234 770 syngrapha
256 691 325 769 quid
347 691 385 746 sis
405 698 519 747 actonis
539 688 680 746 meditere
701 710 825 751 censeo.
870 692 928 749 Rex

72 775 148 830 enim
172 775 232 850 ipse
249 792 300 829 sua
316 781 426 848 sponte,
439 770 524 827 nullis
544 771 770 827 commentariis
788 771 926 842 Caesarie,

72 853 156 909 unul
168 866 253 928 arque
264 852 372 908 audivit
385 851 446 908 eius
459 849 615 919 interitum,
627 868 682 905 suo
694 848 796 908 Marte
808 871 856 909 res
867 871 928 909 suas

73 933 255 1008 recuperarit.
299 938 344 987 ud.
366 930 480 987 Sciebat
497 929 585 987 houro
606 929 722 1005 sapiens
747 930 797 988 ius
816 951 928 1008 semper

74 1013 125 1067 lior·
137 1013 232 1073 fuisse,
244 1020 282 1071 ut.
292 1030 363 1084 «ptrue
375 1010 489 1085 tyranni
500 1009 680 1086 eripuissent,
691 1029 726 1066 ea
737 1012 879 1087 tyrannis
890 1013 928 1068 in·

73 1092 199 1147 lrrlertis
212 1091 238 1151 ii,
248 1089 352 1165 quihus
362 1099 459 1164 erepta
470 1096 571 1157 essent,
581 1099 799 1164 recuperarent
832 1091 927 1149 Nemo

74 1172 161 1243 iggitur
176 1171 235 1226 iure
249 1168 404 1235 consultus,
416 1188 452 1225 ne
467 1169 521 1225 iste
536 1167 660 1245 quidem,
673 1169 724 1244 qui
740 1170 802 1227 tibi
818 1173 872 1228 uni
887 1178 927 1229 est

73 1271 132 1308 ruu-
147 1249 301 1317 consultus,
312 1267 364 1325 per
374 1268 459 1324 quem
474 1247 543 1305 haec
557 1249 626 1324 agis,
636 1267 670 1304 ex
681 1247 740 1305 ista
755 1251 927 1330 syngrapha

73 1331 169 1387 dela-ri
182 1331 251 1386 divit
262 1349 314 1407 pro
327 1329 361 1385 iis
370 1328 461 1398 rebus,
470 1347 542 1404 quae
553 1334 632 1385 erant
643 1334 710 1384 ante
722 1331 926 1408 syngrapham

74 1420 261 1486 recuperatam.
305 1409 372 1465 Nou
394 1409 470 1464 euim
492 1416 554 1464 ato
570 1407 649 1476 emit,
660 1407 712 1464 sed
729 1409 826 1485 prius
840 1430 926 1488 qnam

74 1501 105 1547 tu
124 1510 205 1546 sirum
225 1489 278 1545 sihi
296 1488 442 1558 venderes,
454 1488 514 1563 ipse
533 1485 668 1565 possedit.
712 1485 768 1544 Ille
786 1489 834 1546 vir
850 1491 926 1548 fuit:

75 1589 126 1625 nos
142 1570 256 1645 quidem
272 1567 483 1637 contemnendi,
496 1567 545 1643 qui
559 1573 703 1623 auctorem
720 1567 853 1641 odimus,
863 1578 929 1628 acta

74 1650 264 1705 (tetendimus.
301 1646 484 1704 XXXVIIL
505 1647 552 1704 97.
564 1646 642 1714 Quid
652 1664 706 1722 ego
721 1646 759 1704 de
774 1667 927 1708 commen·

75 1730 153 1785 turiis
168 1728 295 1799 infinitis,
309 1727 379 1804 quid
393 1727 429 1784 do
446 1724 700 1784 innumerabilibus
717 1725 927 1808 chirographis

76 1808 192 1885 loquar!
215 1827 335 1884 quorum
357 1808 443 1864 etiarn
466 1807 611 1863 institores
631 1811 706 1875 sunt,
719 1807 772 1883 qui
793 1827 832 1865 ea
853 1817 926 1867 tern-

76 1909 160 1965 qnmn
176 1888 366 1963 gladiatorum
381 1886 491 1943 libellos
504 1885 599 1962 palam
613 1884 772 1943 venditent.
819 1887 926 1967 Itaque

75 1968 148 2024 tanti
163 1968 253 2024 acervi
269 1985 452 2022 nmmnorum
467 1965 545 2041 apu'd
556 1962 646 2023 istum
661 1971 882 2040 construuntur,
892 1978 926 2027 nt

76 2047 131 2102 inm
161 2045 365 2121 expendantur,
388 2064 446 2099 non
474 2051 659 2102 numerentur
685 2046 836 2121 pecuniae.
883 2049 925 2105 At

76 2145 162 2201 <prum
176 2143 258 2180 caera
272 2122 390 2178 avaritia
403 2124 462 2179 est!
505 2124 605 2201 Nuper
617 2123 674 2181 fixa
684 2124 784 2181 tabula
798 2133 853 2198 est,
868 2147 925 2206 qua

76 2205 205 2261 civitates
226 2201 464 2278 locupletissimae
485 2203 665 2262 Cretensium
682 2204 877 2279 vectigalibus
894 2209 925 2264 li-

76 2286 218 2352 berantur,
233 2282 431 2358 statuiturque,
447 2302 482 2340 ne
503 2292 569 2360 post
586 2284 624 2341 Μ.
637 2284 760 2358 Brutum
778 2304 833 2360 pro
857 2307 924 2344 eon·

77 2366 136 2422 sule
151 2366 188 2422 sit
203 2365 288 2421 Creta
302 2363 456 2439 provincia
498 2363 542 2420 'l'u
557 2364 662 2420 mentis
679 2384 709 2420 cs
725 2367 869 2440 compos?
891 2374 924 2424 tu

77 2465 133 2501 non
144 2444 401 2519 constringendus?
435 2443 483 2499 An
493 2443 621 2501 Caesaris
631 2442 745 2500 decreto
756 2442 845 2501 Creta
853 2453 925 2522 post

78 2525 115 2580 M.
125 2524 208 2580 Bruti
220 2525 366 2580 decessum
379 2524 474 2599 potuit
485 2522 605 2593 liberari,
619 2541 684 2578 eum
695 2522 781 2579 Creta
794 2523 869 2580 nihil
886 2525 925 2582 ad

78 2603 201 2660 Brutum
219 2603 337 2660 Caesare
357 2603 421 2659 vivo
443 2602 615 2678 pertineret?
655 2601 697 2658 At
713 2601 799 2658 huius
822 2605 925 2661 vendi-

78 2684 156 2740 tione
177 2683 360 2739 deereti-ne
382 2680 453 2739 nihil
475 2689 570 2738 aetum
592 2681 923 2758 putetis-provinciam

78 2763 192 2818 Cretam
215 2762 386 2837 perdidistis.
429 2761 556 2819 Omnino
581 2779 665 2818 nemo
688 2759 773 2817 ullius
795 2762 836 2817 rei
861 2761 924 2820 fuit

79 2850 192 2917 emptor
206 2842 250 2898 eui
269 2841 392 2898 defuerit
407 2839 453 2897 hic
468 2841 606 2897 venditor.
650 2845 696 2896 98.
712 2839 750 2896 Et
765 2839 800 2896 de
817 2842 926 2898 exsuli-

79 2921 131 2977 bus
154 2922 255 2996 legem,
272 2941 357 2998 quarn
382 2919 477 2988 fixisti,
493 2919 596 2976 Caesar
616 2918 701 2976 tulitl
742 2918 857 2976 Nullius
878 2921 924 2977 in-

79 3010 171 3058 sertor
187 3001 394 3058 calamitatem:
416 3007 528 3056 tantum
547 3017 656 3074 queror,
672 2998 797 3074 primum
818 3017 921 3056 eorum

79 3081 187 3138 reditus
198 3081 369 3156 inquinatos,
381 3097 502 3155 quorum
514 3097 625 3135 sarisam
636 3077 739 3134 Caesar
749 3077 918 3136 dissimilem

48 3226 56 3233 .
79 3160 227 3218 iudicarit:
250 3158 353 3215 deinde
375 3157 469 3214 nescio
491 3177 541 3213 eur
561 3176 618 3214 non
640 3157 756 3232 reliquis
774 3155 852 3213 idern
870 3158 914 3214 tri
