1988 3480
78 123 127 170 21⁸
161 122 199 170 IN
218 120 462 171 M.AKTON1UM
479 120 613 171 ORATIO
630 121 853 172 PHILIPPICA
872 125 895 172 L

78 230 145 277 runt,
159 237 189 268 eo
208 221 319 279 consilio,
335 229 361 268 nt
380 221 438 268 inde
458 222 483 268 in
503 221 641 283 provincias
662 236 679 269 a
697 231 788 270 senatu
812 223 932 272 decretas

78 288 299 348 proficiscerentur.
330 287 479 334 llecrercrat
491 298 573 334 autem
588 296 697 346 senatus,
710 289 838 348 postridie
851 304 931 351 quani

77 368 92 399 e
108 351 230 413 t'upirolio
246 352 359 399 (lncani-r
378 353 544 399 Interfectores
561 352 750 412 descenderunt,
766 354 855 400 Bruto
869 354 931 402 Cre·

78 427 137 467 tntu.
150 418 236 463 (bassio
255 418 374 475 iliricum,
386 418 509 464 Trebonio
527 417 622 476 Asiam,
633 417 736 465 Cimbro
755 417 926 480 Bithyniam:

79 483 111 528 l).
127 483 203 528 Bruto
221 482 327 529 (inllirnn
345 482 492 539 citeriorem,
506 482 588 529 datum
607 498 621 528 u
639 483 748 529 Caesare
766 493 855 544 antea,
868 498 928 531 con-

77 548 194 594 firmarit.
233 547 301 594 ldem
318 556 409 605 tumen,
423 548 493 609 quasi
511 547 543 594 ad
561 547 692 594 sanitatem
711 558 856 608 revocatus,
871 548 929 596 reli-

77 613 132 675 quis
147 613 233 659 diebus
245 613 270 659 in
283 612 404 673 Capitolio
418 613 543 673 praeclara
555 620 653 659 senatus
665 612 781 659 consulta
793 613 865 673 feeit,
878 614 927 675 pri-

78 693 147 725 mum
162 678 221 724 illud
236 694 249 725 e
265 679 317 724 Ser.
331 677 430 738 Sulpicii
445 677 573 736 sementia,
587 691 618 724 ne
629 692 678 739 qua
691 688 747 738 post
762 677 826 725 Idus
842 679 925 728 Mart.

77 744 243 790 innuunitntis
256 742 339 790 tabula
351 758 411 790 nere
422 742 494 789 allius¹
507 742 618 790 beneficii
630 743 761 802 figeretur:
783 742 888 803 deinde,
900 753 927 792 nt

77 808 216 856 dictaturae
229 823 317 855 nomen
331 808 354 853 in
368 819 512 869 perpetuum
525 823 538 855 ε
551 823 577 855 re
588 808 685 870 publica
694 808 834 857 tolleretur.
866 809 926 856 Lux

77 874 200 935 ‹ptttedam
215 873 296 919 oblata
311 873 453 919 ridebatur:
473 873 549 920 erecti
562 882 633 920 erant
647 887 689 934 spe
702 873 828 922 libertatis
841 884 869 922 et
880 875 926 922 otii

77 939 197 985 botrorum
209 938 301 984 animi:
321 938 455 985 corastituta
470 953 507 985 res
522 938 620 1000 publica
631 938 771 1000 putabatur.
808 939 860 988 Sed
874 940 926 988 cito

77 1003 118 1050 ille
135 1002 317 1049 simulationem
335 1003 433 1049 sustulit
451 1005 536 1065 suique
553 1003 639 1050 similis
656 1003 722 1050 visus
738 1014 785 1051 est.
824 1004 925 1052 Habito

76 1068 144 1115 enim
163 1067 281 1114 Kalendis
300 1067 378 1113 luniis
399 1077 493 1125 senatu,
512 1083 560 1115 non
581 1083 637 1115 eum
656 1082 730 1130 quem
749 1076 827 1116 antee
844 1068 879 1118 de
898 1085 924 1118 re

77 1133 175 1195 publica
189 1148 288 1181 sensum
306 1147 350 1179 nec
367 1133 520 1194 superiorum
534 1134 630 1180 dierum
645 1134 707 1180 actis
720 1134 923 1183 consentientem

77 1199 230 1246 voluntatem
249 1198 365 1245 ostendit.
403 1198 471 1244 Nihil
491 1198 580 1245 deinde
597 1197 629 1244 ad
646 1209 759 1244 senatum
777 1199 932 1249 referebat:v

77 1279 120 1326 per
131 1264 257 1326 populum,
268 1263 292 1310 id
307 1272 351 1321 est,
363 1278 406 1326 per
420 1263 531 1310 infimam
543 1273 734 1324 corruptamque
744 1263 854 1324 plebem,
864 1280 923 1313 con·

77 1339 172 1391 tempta
189 1329 333 1391 amplissimi
351 1329 443 1376 ordinis
461 1329 614 1385 auctoritate,
627 1329 716 1388 agebat
729 1329 816 1376 omnia
833 1340 924 1378 eontra

77 1405 178 1442 senatus
194 1395 344 1451 consultum,
357 1395 423 1456 quod
437 1395 489 1454 ipse
504 1394 556 1441 fieri
569 1393 686 1452 voluerat,
700 1394 797 1440 tabulas
814 1394 921 1457 figebat,

77 1461 203 1507 civitatem
220 1461 437 1521 immunitatesque
454 1459 538 1518 dabat,
552 1458 649 1506 exsules
669 1458 818 1506 reducebat:
838 1475 924 1524 eaque

78 1526 196 1573 sefacere
208 1526 290 1572 omnia
303 1525 400 1572 dicebat
411 1540 442 1572 ex
454 1524 548 1583 legibus
560 1524 673 1571 Caesaris
685 1532 728 1571 ant
740 1539 772 1571 ex
784 1525 840 1573 eius
851 1541 924 1574 cont-

78 1591 213 1638 memoriis.
250 1591 316 1637 Tum
330 1590 425 1648 Cicero,
437 1589 567 1650 desperata
581 1605 678 1650 prm-sus
693 1589 805 1636 Antonio
819 1593 924 1640 consule

77 1655 197 1712 libertate,
214 1656 298 1702 urbem
320 1654 424 1716 reliquit,
441 1655 466 1700 in
485 1655 615 1703 Graeciam
632 1655 719 1712 iturus,
733 1669 764 1702 ea
783 1664 879 1716 mente,
894 1666 924 1706 nt

78 1721 198 1768 Kalendis
219 1720 348 1779 Ianuariis,
365 1736 414 1783 qno
434 1720 474 1768 die
494 1721 578 1767 Pansa
597 1730 623 1767 et
644 1720 740 1766 Hirtius
760 1721 925 1770 consulatum

78 1787 162 1833 inituri
176 1796 256 1846 erant,
267 1786 371 1834 adesset.
405 1786 458 1833 Nec
472 1794 556 1832 tamen
570 1785 617 1832 iter
630 1785 691 1832 illud
704 1784 818 1833 absolvit.
853 1787 925 1836 Nam

77 1851 246 1912 Leucopetrae
259 1851 363 1898 aduersa
374 1859 520 1911 tempestate
532 1851 654 1911 detentus,
666 1851 696 1897 ab
709 1851 746 1909 iis,
757 1851 800 1911 qui
813 1851 848 1899 ab
859 1854 925 1902 urbe

78 1925 203 1974 venerant,
214 1925 239 1962 et
249 1916 388 1962 contionem
400 1916 494 1976 accepit
504 1916 616 1975 Antonii,
627 1931 700 1978 quam
710 1914 782 1963 valde
793 1917 921 1978 probavit,

77 1989 102 2027 et
116 1981 165 2028 alia
178 1980 300 2039 cognorit,
315 1979 379 2026 unde
396 1981 533 2027 revertendi
551 1982 679 2029 consilinm
693 1981 766 2042 cepit.
803 1981 923 2030 Post-te

77 2046 215 2092 versionem
233 2058 247 2091 e
261 2044 301 2090 via
317 2044 444 2103 languens,
460 2045 486 2091 in
503 2058 623 2105 senatum,
637 2047 680 2108 qui
698 2044 820 2093 Kalendis
838 2046 922 2108 Sept,

78 2120 105 2156 nt
120 2109 183 2157 Phil.
192 2109 224 2154 V.
233 2108 331 2167 legitur,
343 2108 368 2155 in
382 2109 444 2156 aede
456 2110 609 2159 Concordiae
623 2112 766 2170 habebatur,
778 2125 828 2157 uon
840 2112 919 2162 venit.

78 2175 134 2234 Quo
146 2174 255 2236 graviter
264 2183 403 2222 commotus
415 2175 551 2236 Antonius,
562 2177 644 2224 fabros
656 2177 828 2223 semissurum
840 2186 867 2223 et
876 2176 923 2224 do·

77 2255 147 2288 mum
161 2240 212 2288 eius
227 2239 422 2287 disturbaturum
436 2241 553 2289 audiente
570 2251 657 2289 senatu
672 2242 744 2288 dixit.
781 2240 920 2302 Postridie,

77 2306 103 2353 id
122 2314 166 2364 est,
182 2306 229 2354 IV.
245 2306 330 2352 Nonas
352 2308 430 2367 Sept,
443 2306 531 2354 Cicero
551 2308 576 2354 in
596 2316 709 2354 senatum
730 2305 797 2353 venit
815 2306 923 2356 absente

77 2372 188 2419 Antonio
202 2380 227 2419 et
240 2372 312 2429 hane,
325 2386 387 2432 qnae
401 2371 466 2418 infra
478 2371 575 2432 legitur,
587 2379 716 2420 oratonem
730 2370 822 2418 babuit.

118 2525 140 2582 I.
178 2530 202 2582 1.
220 2524 297 2582 Ante
313 2524 448 2601 quamde
465 2544 494 2582 re
511 2525 632 2602 publiea,
645 2534 739 2603 patres
753 2528 919 2605 conscripti5

77 2605 171 2661 dicam
193 2624 317 2681 eaquae
337 2604 458 2661 dicenda
473 2604 528 2661 hoo
545 2612 674 2682 tempore
688 2606 818 2677 arbitror,
832 2626 921 2685 expo-

77 2704 143 2740 nam
162 2684 243 2741 vobis
260 2684 383 2741 breviter
404 2683 600 2741 consiliumet
619 2686 806 2762 profectionis
826 2693 856 2743 et
878 2707 921 2746 re-

77 2764 214 2820 versionis
236 2784 324 2828 meae.
367 2764 430 2840 Ego
453 2783 518 2820 oum
542 2783 682 2840 sperarem
705 2765 858 2842 aliquando
882 2769 921 2827 ad

77 2851 203 2900 vestrum
227 2844 378 2900 consilinm
403 2843 658 2921 auctoritatemque
685 2864 744 2902 rem
772 2845 920 2921 publicam

77 2943 137 2981 esse
165 2930 333 2993 revocatam,
351 2923 525 2979 manendum
552 2923 625 2979 mihi
653 2924 810 2982 statuebam
837 2929 919 3002 quasi

77 3003 107 3059 in
126 3002 223 3078 vigilia
240 3003 361 3079 quadam
379 3001 519 3067 consulari
536 3021 567 3058 ao
585 3006 732 3060 senatoria.
772 3003 832 3061 Neo
850 3023 917 3063 vero

77 3102 197 3158 usquam
209 3081 389 3139 discedebam
404 3101 455 3137 neo
470 3101 487 3137 a
501 3100 529 3137 re
544 3081 659 3157 publica
669 3083 750 3141 deiie’
851 3102 918 3143 oon·

75 3161 120 3218 los
134 3181 168 3218 ex
180 3181 213 3218 eo
226 3161 348 3240 dieque
363 3161 392 3218 ia
404 3161 504 3219 aedem
515 3160 637 3219 Telluris
647 3083 988 3264 aaa&
