1988 3480
67 120 113 167 120
223 116 292 165 Plu)
310 114 449 167 Alutus
466 112 583 165 POETA
601 114 754 167 ORATIO.

65 236 193 297 persiana,
209 236 280 295 quae
300 224 417 293 propter
436 216 527 273 otium
544 234 577 273 ac
593 214 726 273 studium
746 218 878 278 minime
894 220 921 278 in

65 297 177 355 iudiciis
192 297 379 374 perieulisqrm
393 302 513 353 turstatu
526 303 578 361 est,
588 295 631 353 uti
645 314 742 373 prope
757 316 842 357 novo
853 318 922 377 qno

65 378 129 435 dam
152 384 179 433 et
201 377 337 433 humitate
358 374 599 451 generedicendi.
642 380 670 432 4.
690 377 829 444 Quodsi
847 379 920 438 mihi

64 477 82 515 a
92 456 172 513 rolris
186 456 272 514 tribui
288 457 462 535 ‹om-edique
476 456 605 519 sentiam.
616 453 768 532 perficiam
780 458 918 535 profecto

64 546 95 595 ut
114 537 188 593 lame
208 538 241 594 Α.
259 536 400 593 Licinium
422 556 479 592 nou
501 534 588 591 anulo
605 553 665 591 non
686 539 916 615 segregandum,

64 638 128 675 eum
144 618 179 674 sit
195 618 272 685 eicis,
285 638 302 673 a
318 635 437 673 numero
453 616 567 679 eirium,
579 634 678 672 vemm
696 615 801 690 ctiam,
814 618 840 675 si
858 638 916 677 non

64 707 145 759 esset.
158 697 265 774 putetis
279 696 474 753 asciscendum
488 695 583 752 fuisse.

106 777 156 834 lll.
177 777 249 833 Nam
273 783 302 833 ut
325 777 451 853 prinnnn
472 796 506 833 ex
527 775 622 851 pueris
642 775 766 833 excessit
788 776 916 837 Archias

64 866 149 934 argue
163 857 199 913 ab
215 857 248 912 iis
263 855 378 923 rutilus,
390 856 493 933 quibus
506 862 583 912 aetas
596 853 714 932 puerilis
727 854 767 913 ad
778 855 915 917 humani·

65 946 152 993 tutem
171 936 318 992 informari
336 936 416 1003 solet,
432 957 461 993 se
478 935 515 992 ad
532 933 672 991 scribendi
689 934 825 994 studium
847 956 915 997 con·

65 1017 138 1077 tulit,
157 1016 281 1092 primum
303 1014 581 1072 Antiochiae—nam
602 1012 642 1070 ibi
666 1020 753 1072 natus
777 1022 827 1074 est
847 1017 913 1077 loco

64 1094 297 1152 nobili—celebri
314 1095 459 1172 ‹proudam
477 1094 545 1152 urbe
562 1100 591 1151 et
607 1094 725 1171 copiosa
741 1101 834 1173 atquc
850 1116 913 1157 eru·

64 1174 212 1232 ditissimis
231 1173 397 1231 homiuibus
415 1173 674 1251 liberalissimisque
694 1173 800 1231 studiis
820 1176 912 1235 adflu-

63 1256 131 1321 enti,
142 1256 269 1313 celeriter
282 1255 448 1312 antecellere
463 1253 596 1311 omnibus
609 1253 718 1329 ingenii
732 1253 830 1330 gloria
844 1276 912 1315 con·

63 1336 137 1409 tigit.
188 1336 259 1393 Post
284 1335 312 1391 iu
338 1335 437 1391 ceteris
461 1334 548 1392 Asiae
572 1333 700 1410 partibus
727 1342 910 1415 cunctaeque

62 1416 196 1473 (lraeeiao
215 1417 255 1472 sio
274 1416 334 1472 eius
351 1414 490 1471 adventus
509 1413 729 1485 celebrabantur,
744 1421 779 1471 ut
795 1414 909 1475 famam

64 1496 170 1569 ingenii
195 1495 369 1572 exspectatio
393 1493 528 1564 hominis,
546 1493 790 1571 exspectationem
815 1495 910 1572 ipsius

62 1575 201 1632 adventus
212 1574 419 1650 admiratioque
434 1582 585 1650 superaret.
620 1580 645 1630 5.
662 1573 731 1630 Erat
740 1573 829 1632 ledia
843 1582 909 1634 tum

62 1655 147 1733 plena
163 1656 333 1713 Graecarum
350 1654 454 1712 artium
471 1673 503 1710 ac
520 1653 734 1730 disciplinarum
751 1654 910 1735 studiaque

62 1736 132 1794 haec
149 1744 178 1794 et
194 1737 223 1793 in
241 1735 324 1792 Latio
341 1733 537 1792 vehementius
553 1740 616 1790 tum
633 1733 800 1792 colebantur
816 1754 908 1813 quam

62 1836 137 1873 nunc
156 1817 256 1873 iisdem
274 1817 304 1871 in
321 1815 437 1891 oppidis
456 1821 485 1872 ot
501 1814 549 1871 hic
566 1813 674 1871 Rornae
691 1820 810 1891 propter
828 1823 910 1875 tran·

63 1896 233 1973 quillitatem
251 1894 438 1970 reipublicae
457 1914 516 1952 non
533 1893 756 1971 negligebantur.
799 1892 908 1974 Itaque

61 1975 138 2031 hunc
157 1982 186 2030 et
202 1974 348 2030 Tarentini
366 1980 395 2031 et
411 1974 516 2052 Regini
536 1982 565 2032 et
582 1973 765 2052 Neapolitani
785 1974 907 2035 civitate

62 2054 218 2131 ceterisque
238 2053 372 2130 praemiis
389 2055 533 2113 donarunt
553 2061 582 2112 ct
602 2074 710 2125 omnes
726 2054 776 2131 qui
792 2052 830 2111 ali
852 2057 907 2115 uid

62 2134 97 2190 de
114 2134 237 2210 ingeniis
254 2139 387 2210 poterant
403 2135 537 2207 iudicare,
553 2135 718 2211 cognitione
735 2140 821 2211 atquc
832 2075 907 2193 bos·

62 2213 135 2290 pitio
156 2214 276 2290 dignum
298 2214 503 2272 existimarunt.
552 2214 616 2272 Hac
637 2221 718 2272 tanta
738 2213 905 2275 celebritate

62 2295 155 2350 famae
172 2313 237 2350 cum
255 2299 328 2351 essct
344 2294 402 2351 iam
421 2294 585 2353 absentibus
605 2302 698 2366 notuS,
714 2294 837 2352 Romam
856 2314 905 2354 ve·

62 2374 105 2431 nit
126 2373 217 2431 Mario
238 2374 353 2431 consulo
378 2381 407 2432 ct
427 2374 538 2432 Catulo.
582 2374 690 2431 Nactus
711 2381 754 2432 est
773 2374 903 2452 primum

61 2454 191 2511 consules
208 2475 264 2525 eos,
278 2474 399 2531 quorum
416 2454 487 2511 alt-er
503 2473 547 2510 res
564 2454 601 2510 ad
615 2454 796 2512 scribendum
812 2455 904 2511 maxi·

61 2554 130 2605 mas,
146 2535 217 2592 alter
233 2555 298 2592 oum
315 2554 359 2591 ros
375 2540 469 2611 gestas
486 2540 549 2590 tum
566 2535 653 2591 otiam
670 2534 798 2592 studium
814 2540 902 2612 atque

61 2629 142 2671 aures
162 2615 297 2672 adbibere
317 2621 421 2691 posset.
473 2612 577 2671 Statim
599 2613 718 2685 Luculli,
736 2633 802 2671 curn
822 2633 904 2691 prae-

61 2699 187 2751 textatus
207 2695 293 2751 etiam
318 2701 379 2750 tum
400 2693 522 2750 Archias
543 2700 624 2765 esset,
643 2713 708 2751 cum
729 2695 759 2751 in
781 2694 902 2751 domum

61 2792 141 2829 suam
156 2782 330 2850 receperunt.
369 2773 427 2830 Sed
440 2773 527 2830 etiam
541 2772 597 2830 hoc
611 2792 669 2830 non
685 2773 777 2830 solum
791 2773 902 2850 ingenii

61 2872 93 2909 ac
107 2853 273 2924 litterarum,
285 2873 383 2910 verum
399 2853 484 2910 etiam
499 2859 616 2910 naturae
633 2859 720 2929 atque
733 2854 855 2925 virtutis,
867 2861 902 2911 ut

61 2932 172 3004 domus,
189 2952 260 3010 quae
279 2933 364 2989 liuius
383 2932 589 2989 adolescentiae
607 2933 701 3010 prima
718 2934 784 3004 fuit,
800 2933 900 2991 eadem

61 3020 134 3070 esset
154 3013 376 3070 familiarissima
396 3011 542 3069 senectuti.
586 3018 612 3069 6.
633 3012 702 3069 Erat
722 3012 901 3089 temporibus

61 3092 116 3148 illis
134 3093 273 3150 iucundus
288 3092 404 3149 Metello
418 3091 459 3148 illi
474 3091 629 3149 Numidico
644 3093 747 3150 eteius
762 3093 816 3149 Pio
831 3092 899 3165 filio,

62 3173 228 3228 audiebatur
248 3191 265 3228 a
285 3172 323 3228 M.
341 3171 473 3241 Aemilio,
489 3171 602 3228 vivebat
619 3192 683 3228 cum
702 3172 735 3239 Q.
751 3172 854 3228 Catulo
872 3180 901 3229 et
