1988 3480
73 116 120 163 114
269 112 338 163 PRO
355 116 384 163 t.
400 113 553 163 uuuuxu
570 112 714 163 otkario.

114 212 256 272 XXXIX.
279 214 458 292 Quamqumn
477 214 594 272 huiusce
613 215 653 272 rei
672 220 807 292 potestas
828 220 927 276 omnis

73 297 101 352 iu
120 295 201 351 vobis
220 295 275 352 sita
293 304 344 359 cst.
361 295 484 352 iudices:
506 302 597 351 toturn
616 313 677 351 rem
696 293 852 371 publicam
873 318 926 356 vos

74 376 101 431 iu
120 373 171 430 hac
189 394 273 431 cuum
291 375 401 437 terretis,
418 395 468 429 vos
484 374 656 449 gubernatis
698 373 730 431 Si
745 373 778 433 L
791 375 924 436 Catilina

72 473 136 510 <um
155 473 206 509 suo
224 454 343 510 consilio
364 455 536 511 nefariorum
555 453 800 531 herniuum,qu0s
821 476 921 514 seeum

72 534 178 601 eduxit,
197 533 249 590 hae
271 533 306 589 dc
331 553 359 590 re
384 542 480 609 posset
504 534 636 605 iudicare,
654 533 868 594 condemnaret
888 537 920 596 L

73 613 237 671 Murenam:
260 614 283 669 si
305 613 462 671 interficere
482 622 586 690 posset,
603 613 753 671 occideret
805 614 921 675 Petunt

72 695 147 751 cuim
170 694 292 751 rationes
313 693 444 763 illi11s‚ut
464 692 580 750 orbetur
599 693 704 750 auxilio
723 712 770 750 res
788 694 919 771 publica,

72 783 101 831 ut
121 775 266 830 minuatur
283 782 382 830 contra
400 793 482 829 suum
500 773 626 830 furorem
644 773 856 849 imperatorum
874 795 921 833 co

71 855 127 930 pia,
144 862 175 910 ut
194 854 286 910 maior
302 852 423 909 facultas
441 853 563 909 tribunis
582 852 673 929 plebis
689 852 775 910 detur
792 853 917 931 depulso

71 934 230 989 ailrersario
240 932 389 988 seditionis
398 952 430 989 ae
439 932 596 989 discordiae
606 932 800 991 concitandae.
820 933 919 992 Idem·

73 1032 106 1067 nc
123 1012 209 1085 igitur
223 1011 325 1068 ‹lelecti
339 1012 522 1089 amplissimis
537 1032 570 1069 ex
585 1011 732 1068 ordinibus
745 1011 917 1072 honestissi-

71 1091 111 1146 mi
126 1097 211 1167 atque
229 1092 430 1167 sapientissimi
445 1092 497 1149 viri
515 1091 689 1160 iudicabunt,
702 1091 781 1168 quod
795 1092 845 1150 ille
863 1094 917 1151 im·

72 1171 292 1247 pertimissimus
302 1171 450 1247 gladiator,
461 1172 552 1229 hostis
563 1172 603 1228 rei
614 1170 744 1248 publicae
754 1171 916 1232 iudicaret?

72 1257 117 1308 84.
137 1251 210 1308 Mihi
224 1251 339 1321 credite,
352 1251 467 1322 iudices,
480 1253 508 1308 in
523 1251 576 1309 hac
594 1270 677 1308 causa
691 1270 749 1308 non
766 1251 861 1309 solum
876 1253 916 1312 dc

71 1331 101 1389 L.
113 1331 255 1403 Murenae,
267 1350 363 1388 verum
378 1331 464 1387 etiam
479 1331 515 1388 de
528 1340 622 1389 restra
635 1330 725 1388 salute
738 1332 915 1390 sententiam

70 1412 175 1469 feretis.
220 1411 253 1467 ln
268 1411 419 1467 discrimen
438 1418 595 1468 extremum
612 1411 758 1468 venimus:
779 1410 854 1467 nihil
869 1420 915 1470 est

71 1492 126 1548 iam
149 1492 225 1548 unde
249 1511 302 1547 nos
327 1489 484 1547 reficiamus
505 1498 554 1548 aut
575 1491 624 1548 ubi
644 1491 716 1567 lapsi
737 1490 913 1551 resistamus

71 1571 137 1628 Non
159 1572 252 1629 solnm
272 1571 428 1627 minuenda
448 1589 505 1626 non
527 1579 593 1627 sunt
613 1569 725 1646 auxilia,
737 1588 809 1646 quae
826 1569 915 1629 habe·

70 1672 142 1724 mus,
165 1653 215 1710 scd
240 1652 325 1710 etiam
350 1669 432 1720 nova,
455 1650 478 1706 si
502 1649 562 1706 fieri
587 1651 685 1727 possit,
708 1650 911 1726 comparanda

70 1733 172 1790 Hostis
189 1739 232 1790 est
250 1732 326 1788 enirn
344 1749 402 1786 nen
419 1729 496 1806 apud
511 1730 661 1800 Anienem,
672 1728 751 1807 quod
763 1727 840 1786 bello
855 1728 914 1787 Pu·

70 1813 135 1868 nico
152 1812 351 1887 gravissimum
369 1810 461 1866 visum
482 1816 532 1881 cst,
548 1810 598 1866 sed
614 1810 644 1866 in
664 1810 741 1880 urbe,
756 1809 787 1865 in
803 1808 913 1866 foro-

70 1891 99 1947 di
118 1890 308 1947 irrrmortalesl
330 1890 390 1945 sine
407 1890 518 1964 gemitu
534 1889 589 1946 hoc
607 1889 663 1946 diei
680 1908 739 1945 nen
755 1894 911 1965 potest-t

70 1989 127 2025 non
143 1988 228 2025 nemo
243 1969 328 2025 etiam
345 1969 372 2024 iu
389 1969 438 2026 illo
453 1970 574 2026 sacrario
588 1969 629 2026 rci
643 1968 781 2046 publicae,
793 1968 824 2025 in
838 1968 910 2045 ipsa,

69 2050 195 2125 inquam,
214 2049 292 2105 curia
312 2067 370 2104 non
391 2068 476 2106 nemo
497 2050 589 2106 hostis
609 2058 659 2106 est..
702 2047 742 2105 Di
762 2048 857 2106 faxint
877 2058 911 2107 ut

69 2148 149 2185 meus
164 2127 280 2204 collega,
292 2129 336 2185 vir
349 2129 531 2199 fortissimus,
543 2128 598 2186 hee
613 2129 753 2186 Catilinae
767 2128 910 2186 nefarium

69 2208 250 2266 latrocinium
267 2215 392 2266 armatus
410 2209 570 2286 opprimat!
612 2208 675 2285 Ego
692 2215 816 2285 togatus
827 2207 911 2266 vobis

69 2290 208 2365 bonisque
224 2289 358 2345 omnibns
372 2288 559 2358 adiutoribus,
569 2288 633 2358 hoc,
646 2288 724 2365 quod
738 2294 910 2364 conceptum

69 2369 242 2446 respublica
258 2369 416 2446 perieulum
434 2369 564 2444 parturit,
577 2369 696 2425 consilio
709 2367 863 2425 discutiam
880 2374 911 2425 et

69 2451 274 2527 comprimam!
324 2456 369 2506 85.
395 2449 453 2506 Sed
478 2448 547 2525 quid
572 2449 688 2505 tandem
713 2447 769 2518 fiet,
792 2447 816 2503 si
840 2443 911 2505 haec

69 2530 163 2606 elapsa
177 2531 212 2587 de
226 2529 359 2586 manibus
373 2530 478 2586 nostris
495 2529 525 2585 in
542 2547 607 2585 eum
623 2547 738 2598 annum,
751 2527 799 2604 qui
814 2545 912 2584 consc-
941 2558 951 2587 e

69 2611 173 2686 quitur,
186 2610 391 2667 redundarint?
432 2609 517 2667 Unus
534 2608 588 2665 erit
604 2608 702 2665 consul
718 2616 747 2665 et
763 2609 787 2664 is
803 2625 861 2663 non
878 2606 911 2663 in

69 2689 295 2747 administrando
310 2689 394 2760 belle,
407 2689 457 2746 sed
474 2689 504 2744 in
521 2687 687 2745 sufficiendo
704 2688 812 2764 collega
829 2705 912 2745 occu-

69 2778 160 2845 patus,
193 2770 280 2827 Hune
295 2771 352 2827 iam
364 2770 414 2846 qui
427 2767 594 2844 impedituri
609 2769 674 2839 sint,
688 2767 706 2803 '¹‘
721 2767 739 2803 '¹‘
754 2766 772 2802 '¹‘
787 2767 835 2824 illa
848 2786 911 2844 pes«

69 2851 106 2905 tis
127 2850 267 2920 immanis,
284 2850 298 2925 ’s
319 2851 485 2926 importuna
505 2847 645 2904 Catilinae
665 2852 840 2925 premmpct‚
853 2866 910 2923 qua

69 2929 191 3004 poterit:
214 2936 242 2986 et
262 2930 320 2986 iam
337 2926 446 3006 populo
463 2927 594 2984 Romano
614 2928 756 2986 minatur:
777 2928 807 2982 in
825 2945 909 3002 agros

70 3007 245 3065 suburbanos
266 3016 383 3085 repente
400 3007 560 3064 advolabit:
583 3008 739 3065 versabitur
760 3007 789 3062 in
809 3007 909 3063 rostris

69 3087 156 3157 furor,
172 3088 203 3144 in
223 3089 302 3146 curia
321 3088 417 3157 timor,
437 3086 466 3142 in
487 3086 551 3142 fore
572 3088 739 3157 coniurati0,
755 3087 784 3142 in
806 3104 909 3162 eampo

69 3167 216 3238 exereitus,
231 3168 261 3225 in
280 3168 356 3244 agris
373 3165 506 3224 vastitas:
529 3167 608 3224 omni
627 3174 722 3225 autem
742 3166 855 3224 insede
875 3184 908 3224 ac
