1988 3480
248 470 292 532 M.
310 470 456 532 TULLII
477 470 710 531 CICERONIS

88 629 131 703 IN
162 629 201 703 M.
222 627 435 704 ANTONIUM
471 626 616 702 ORATIO
649 627 873 702 PHILIPPICA

379 751 575 828 SECUNDA.
939 758 941 762 ’

308 1021 646 1072 ARGUMEN'I'UM.

90 1123 155 1172 Cum
172 1124 209 1172 M.
220 1123 308 1171 Cicero
326 1122 478 1183 superiorem
491 1121 630 1169 orationem
648 1121 781 1180 habuisset,
796 1120 833 1169 M.
844 1121 899 1168 An-

57 1191 139 1237 tonius
156 1190 182 1236 in
199 1189 283 1236 villam
297 1187 456 1234 'l'iburtinam
473 1201 500 1234 se
516 1186 630 1246 contulit,
640 1197 669 1232 ut
685 1185 744 1247 quid
758 1185 899 1234 adversari0

58 1253 215 1314 responderet
232 1261 451 1311 commentaretur,
465 1266 514 1313 qua
533 1251 560 1297 in
578 1265 605 1298 re
623 1251 776 1312 consumpsit
793 1259 898 1311 septem-

58 1319 138 1366 decIm
160 1319 220 1366 dies.
257 1318 290 1364 D.
302 1317 379 1364 XIII.
392 1316 521 1363 Kalendas
541 1315 661 1364 Octobres
681 1315 717 1363 M.
728 1316 854 1364 Antonius
872 1315 898 1363 in

59 1391 181 1442 senatum,
193 1382 235 1444 qui
253 1382 279 1428 in
298 1381 360 1429 aede
380 1381 535 1429 Concordiae
552 1380 697 1441 habebatur,
707 1380 783 1440 venit,
795 1381 898 1429 armatis

58 1448 170 1510 stipatus,
181 1447 252 1509 quasi
264 1447 314 1494 vim
326 1447 424 1494 timeret
436 1446 589 1494 denuntiatis
600 1455 659 1494 ante
668 1446 781 1495 Ciceroni
792 1446 911 1495 inimici--

58 1513 105 1560 tiis.
140 1514 205 1561 Cum
217 1512 303 1561 Cicero
317 1526 365 1559 non
380 1527 455 1559 ausus
468 1519 533 1560 esset
546 1527 576 1560 eo
590 1512 631 1560 die
641 1512 725 1561 venire
736 1513 762 1560 in
774 1520 895 1574 senatum,

58 1578 82 1626 in
101 1594 158 1626 enm
175 1578 302 1625 absentem
320 1578 481 1624 acerbissima
495 1578 607 1626 oratione
621 1579 732 1626 lnveetus
749 1589 806 1626 erat.
816 1581 897 1640 Anto-

58 1644 120 1691 nius.
153 1644 200 1691 Cui
212 1642 317 1690 oratIoni
329 1642 463 1690 adversarii
476 1643 513 1690 sui
523 1643 610 1691 Cicero
619 1643 666 1691 hac
676 1645 768 1706 scripta
776 1643 903 1705 oratione,

58 1724 120 1771 quae
134 1709 199 1755 infra
213 1708 310 1768 legitur,
321 1707 460 1770 respondet,
473 1722 549 1770 quam
566 1709 638 1768 fingit
655 1725 670 1756 a
687 1725 713 1758 se
728 1709 837 1756 habitam
852 1712 895 1769 ita,

58 1784 187 1836 tamquam
205 1773 225 1820 si
242 1787 358 1835 praesens
373 1773 499 1835 praesenti
518 1774 686 1836 responderet
723 1774 756 1823 V.
771 1774 898 1823 CIceronis
944 1775 949 1784 '

58 1839 93 1887 ad
102 1839 222 1899 Atticam,
234 1839 275 1888 lib.
286 1838 371 1898 XVI,
383 1853 421 1900 ep.
433 1841 471 1887 ll.
583 1841 587 1848 '

96 1968 119 2025 I.
157 1973 181 2025 1.
201 1966 333 2035 Quonam
357 1986 423 2025 meo
448 1968 519 2040 fato,
537 1975 633 2046 patres
657 1969 819 2047 conscripti,
837 1969 898 2028 fieri

57 2048 150 2105 dicam
167 2055 200 2105 ut
218 2067 304 2105 nemo
322 2046 367 2103 his
386 2048 589 2125 annisviginti
606 2049 647 2107 rei
663 2049 793 2126 publicae
810 2051 899 2108 fuerit

56 2127 148 2183 hostis
165 2127 289 2203 quinon
306 2126 415 2183 bellum
432 2129 533 2185 eodem
550 2136 680 2206 tempore
697 2130 768 2186 mihi
784 2151 898 2207 quoquc

57 2207 210 2263 indixerit?
251 2206 312 2262 Nec
333 2227 400 2263 vero
421 2227 535 2264 necesse
556 2216 599 2265 est
620 2228 792 2285 quemquam
814 2229 831 2266 a
850 2230 898 2266 me

57 2285 216 2341 nominari:
238 2285 385 2343 vobiscum
401 2287 456 2363 ipsi
470 2287 677 2345 recordamini?
711 2288 784 2344 Mihi
795 2308 899 2365 poena-

58 2385 120 2421 rum
136 2364 177 2420 illi
187 2363 252 2441 plus
266 2384 352 2441 quam
367 2373 497 2442 optarem
512 2366 667 2424 dederunt:
689 2374 719 2424 te
732 2368 828 2439 miror,
839 2368 899 2425 Ana

52 2445 128 2515 toni,
142 2464 262 2521 quorum
274 2446 351 2502 facta
364 2445 485 2517 imitere,
497 2465 595 2503 eorum
607 2447 700 2503 exitus
714 2466 772 2503 non
783 2447 900 2524 perhor·

17 2578 19 2582 .
57 2543 171 2581 resuere.
210 2524 308 2601 Atque
325 2525 381 2581 hoc
398 2525 428 2581 in
447 2525 509 2582 aliis
525 2527 620 2582 minus
637 2526 767 2584 mirabar.
804 2527 898 2584 Nemo

58 2605 135 2660 enim
149 2603 263 2661 illorum
279 2603 411 2660 inimicus
425 2605 499 2662 mihi
512 2606 570 2663 fuit
583 2605 776 2664 voluntarius:
799 2626 899 2665 omnes

58 2703 75 2740 a
90 2703 137 2740 me
151 2683 191 2739 rei
205 2683 336 2760 publicae
353 2704 438 2742 causa
451 2685 581 2742 lacessiti.
625 2685 668 2743 Tu
684 2705 720 2743 ne
735 2686 823 2749 verbo
838 2687 899 2764 qui·
924 2709 931 2723 ·

58 2763 124 2819 dem
146 2762 276 2834 violatus,
292 2770 325 2820 ut
349 2765 483 2821 audacior
507 2784 592 2841 quam
615 2765 747 2836 Catilina,
762 2767 899 2823 furiosior

59 2862 144 2919 quam
155 2842 275 2899 Clodius
286 2844 420 2915 viderere,
431 2844 506 2901 ultro
516 2864 563 2901 me
577 2844 737 2902 maledictis
751 2844 897 2915 lacessisti,

57 2930 193 2999 tuamque
208 2942 281 2979 amc
292 2918 491 2980 alienationem
506 2925 785 2988 commendationem
796 2925 850 2982 tibi
861 2924 898 2982 ad

56 3002 162 3079 impios
172 3003 246 3059 cives
255 3004 317 3059 foro
326 3004 469 3079 putavisti.
500 3011 526 3060 2.
536 3003 613 3072 Quid
619 3006 737 3080 putemi
752 3011 906 3082 centenses

57 3083 228 3141 tumneme?
258 3081 326 3141 Non
335 3082 421 3141 video
431 3080 938 3152 uecmuitanee‘mgran'mem

543 3303 576 3328 ἱ
