1988 3480
60 119 92 164 22
169 115 219 164 DE
237 112 389 162 IMPERIO
407 111 461 160 CN.
477 108 629 160 POMPEII
646 109 788 161 ORATIO.

61 217 208 285 dissentio,
221 214 299 292 quod
315 233 371 291 quo
385 214 481 269 minus
494 219 571 270 certa
585 219 627 269 est
637 211 788 269 hominum
803 230 835 268 ac
849 210 901 268 mi·

61 317 114 353 nus
136 297 272 352 diuturna
292 294 358 361 vita,
375 292 429 349 hoc
445 293 537 368 magis
558 311 601 349 rcs
622 291 743 368 publica,
759 291 829 348 dum
849 309 903 368 per

61 376 130 432 deos
144 373 320 431 immortales
336 372 411 443 licet,
423 372 482 428 frui
499 372 585 429 debet
602 373 706 428 summi
720 371 772 428 viri
787 371 847 428 vita
861 377 903 428 at

63 474 117 532 quc
136 455 248 510 virtute.
261 487 301 494 -
313 458 358 510 60.
377 452 419 509 At
440 452 516 509 enirn
537 471 573 508 nc
595 451 664 528 quid
685 452 753 508 novi
769 450 819 507 fiat
836 470 903 508 eon-

61 541 106 590 tra
130 533 260 609 exempla
283 539 369 610 atque
393 532 526 590 instituta
549 532 754 588 maiorun1.-
769 531 836 587 Non
861 531 903 587 di-

62 632 124 670 cam
139 613 194 670 hoc
206 613 269 670 loco
280 614 401 669 maiores
412 619 525 669 nostros
539 630 651 687 semper
663 611 690 666 in
703 630 771 686 pace
786 629 903 667 consue·

62 693 165 764 tudini,
181 693 210 749 in
233 692 307 750 bello
330 692 448 749 utilitati
470 692 604 768 paruisse,
621 710 731 767 semper
753 690 790 746 ad
812 709 903 746 novos

62 793 143 830 casus
164 780 326 849 temporum
348 791 487 828 novorum
508 770 692 828 consiliorum
714 770 838 827 rationes
860 789 904 826 ac-

62 853 267 923 commodasse,
280 871 337 908 uon
353 851 445 907 dicam
458 851 515 907 duo
527 850 601 907 bella
614 850 746 921 maxima,
758 849 902 910 Punicum

63 940 148 1010 atquc
163 932 362 1008 Hispaniense,
375 930 410 987 ab
428 950 485 987 uno
503 931 674 1006 imperatore
691 949 751 986 csse
770 931 904 986 confecta

63 1013 189 1089 duasque
200 1011 284 1068 urbes
295 1010 516 1087 potentissimas,
530 1030 601 1086 quae
612 1009 678 1066 huie
696 1009 815 1086 imperio
827 1029 903 1066 max·

63 1093 119 1149 ime
140 1090 354 1161 minitabantur,
370 1089 577 1167 Karthaginem
599 1097 684 1167 atque
706 1089 902 1160 Numantiam,

63 1173 98 1229 ab
116 1172 218 1229 codem
235 1171 369 1247 Scipione
386 1189 446 1227 esse
463 1171 576 1240 deletas
592 1189 650 1226 non
672 1168 903 1226 commemorabo

63 1272 155 1329 nuper
170 1252 211 1308 ita
228 1250 308 1308 vobis
325 1249 509 1327 patribusque
523 1250 624 1306 vestris
639 1269 698 1306 esse
713 1249 814 1319 visum,
827 1255 859 1305 ut
873 1249 903 1305 in

63 1352 121 1389 uno
139 1331 171 1388 C.
184 1331 275 1388 Mario
297 1350 362 1407 spes
381 1330 495 1407 imperii
514 1336 674 1406 poneretur,
690 1335 723 1386 ut
739 1329 816 1385 idem
837 1348 903 1385 curn

64 1411 211 1485 Iugurtha,
231 1412 308 1468 idem
333 1429 398 1467 cum
423 1409 555 1481 Cimbris,
576 1410 652 1466 idem
676 1429 741 1466 cum
764 1408 904 1465 Teutonis

64 1491 171 1548 bellum
192 1491 418 1548 administraret:
442 1495 487 1548 61.
503 1490 533 1546 in
555 1490 618 1568 ipso
639 1489 691 1545 Cn.
708 1488 856 1565 Pompeio,
873 1489 903 1544 in

65 1592 121 1649 quo
136 1572 203 1629 novi
218 1572 354 1629 constitui
368 1571 440 1628 nihil
455 1571 516 1629 vult
530 1568 700 1640 OCatulus,
714 1589 799 1646 quam
813 1568 904 1625 multa

64 1654 122 1710 sint
139 1673 213 1710 nova
234 1672 346 1710 summa
360 1652 393 1721 O.
407 1651 502 1709 Catuli
520 1652 666 1708 voluntate
687 1649 844 1707 constituta
863 1667 904 1706 re-

64 1734 230 1791 cordarnini.

104 1813 187 1870 XXI.
207 1812 284 1880 Quid
295 1820 355 1869 tam
369 1830 476 1866 novum
492 1829 576 1887 quam
592 1809 833 1867 adolescentulum
848 1808 904 1885 pri-

64 1899 162 1948 vatum
180 1892 335 1947 exercitum
353 1888 462 1945 difficili
481 1889 521 1945 rei
542 1889 672 1964 publicae
689 1896 817 1966 tempore
839 1908 904 1946 con-

65 1969 165 2027 ficeret
199 1969 341 2026 Confeoit.
378 1969 464 2038 Huic
477 1970 622 2045 praeesset
656 1969 794 2026 Praefuit.
830 1969 902 2026 Rem

65 2051 174 2126 optime
189 2049 277 2105 ductu
292 2069 343 2105 suo
358 2049 473 2124 gereret
513 2048 615 2107 Gessit.
659 2048 737 2117 Quid
750 2057 809 2106 tam
826 2068 904 2125 prae

65 2136 109 2186 ter
119 2129 354 2186 consuetudinem
367 2147 452 2204 quam
460 2128 570 2185 homini
582 2129 813 2205 peradolescenti,
824 2129 904 2185 cuius

65 2216 142 2266 aetas
159 2228 175 2264 a
192 2208 334 2264 senatorio
351 2208 442 2281 gradu
461 2209 546 2285 longe
563 2209 681 2280 abesset,
693 2209 847 2285 imperium
865 2217 905 2265 at-

66 2308 120 2365 que
135 2288 290 2344 exercitum
305 2287 374 2357 dari,
388 2287 513 2344 Siciliam
527 2290 656 2365 permitti
674 2297 759 2365 atquc
773 2289 902 2345 Africam

65 2368 228 2445 bellumque
250 2368 279 2423 in
301 2387 334 2423 ca
353 2368 500 2443 provincia
521 2369 797 2426 administrandum?
839 2369 905 2425 Fuit

65 2449 95 2504 in
112 2448 157 2504 his
177 2447 331 2524 provinciis
353 2448 488 2524 singulari
509 2449 679 2519 innocentia,
692 2449 839 2525 gravitate,
852 2448 905 2504 vir-

66 2536 143 2585 tute:
166 2528 271 2584 bellum
286 2528 316 2582 in
330 2527 431 2585 Africa
444 2530 601 2586 maximum
618 2529 751 2597 confecit,
766 2527 904 2583 victorem

66 2609 220 2665 exereitum
249 2608 418 2683 deportavit.
462 2608 538 2676 Quid
563 2629 629 2666 vero
657 2616 717 2665 tam
743 2606 903 2663 inauditum

67 2707 152 2765 quam
167 2688 292 2764 equitem
304 2687 466 2745 Romanum
478 2685 679 2765 triumpharet
707 2685 748 2744 At
759 2706 821 2744 eam
838 2706 905 2763 quo-

67 2788 121 2845 que
135 2787 194 2824 rem
209 2768 332 2844 populus
347 2768 493 2825 Romanus
509 2789 568 2825 non
586 2769 673 2825 modo
688 2769 769 2838 vidit,
782 2767 832 2824 sed
847 2787 905 2823 om-

66 2848 146 2904 nium
164 2845 250 2904 etiam
268 2848 364 2905 studio
380 2849 525 2905 visendam
543 2857 571 2906 et
588 2848 839 2905 concelebrandam
855 2866 905 2922 pu-

66 2929 144 2985 tavit.
190 2934 234 2985 62.
252 2928 329 2996 Quid
345 2935 404 2985 tam
424 2928 591 2984 inusitatum
610 2947 694 3003 quam
714 2935 746 2984 ut
764 2947 828 2984 cum
847 2928 904 2982 duo

67 3008 196 3065 eonsules
220 3008 368 3065 clarissimi
389 3007 595 3084 fortissimique
620 3015 721 3077 essent,
740 3027 825 3084 eques
850 3005 904 3060 m-

66 3108 167 3144 manus
188 3088 224 3145 ad
244 3088 351 3145 bellum
370 3087 527 3144 maximum
548 3087 904 3160 formidolosissimumque

60 3188 119 3241 pro
141 3169 255 3224 corisule
274 3168 454 3224 mitteretur?
496 3167 598 3223 Missus
615 3174 665 3225 est.
708 3168 774 3235 Quo
789 3164 908 3239 quidem
