<?xml version="1.0" encoding="UTF-8"?>
<!DOCTYPE html PUBLIC "-//W3C//DTD XHTML 1.0 Transitional//EN"
    "http://www.w3.org/TR/xhtml1/DTD/xhtml1-transitional.dtd">
<html xmlns="http://www.w3.org/1999/xhtml" xml:lang="en" lang="en">
 <head>
  <title>
</title>
<meta http-equiv="Content-Type" content="text/html;charset=utf-8" />
  <meta name='ocr-system' content='tesseract 3.04.00' />
  <meta name='ocr-capabilities' content='ocr_page ocr_carea ocr_par ocr_line ocrx_word'/>
</head>
<body>
  <div class='ocr_page' id='page_1' title='image "./mtulliiciceroni32cicegoog_0286.png"; bbox 0 0 1988 3480; ppageno 0'>
   <div class='ocr_carea' id='block_1_1' title="bbox 251 150 899 213">
    <p class='ocr_par' dir='ltr' id='par_1_1' title="bbox 251 150 899 213">
     <span class='ocr_line' id='line_1_1' title="bbox 251 150 899 213; baseline 0.002 -13"><span class='ocrx_word' id='word_1_1' title='bbox 251 153 330 200; x_wconf 78' lang='lat' dir='ltr'>cnr.</span> <span class='ocrx_word' id='word_1_2' title='bbox 346 150 711 213; x_wconf 79' lang='lat' dir='ltr'>xn1.-xmv.,§roo-na</span> <span class='ocrx_word' id='word_1_3' title='bbox 852 155 899 203; x_wconf 78' lang='lat'>271</span> 
     </span>
    </p>
   </div>
   <div class='ocr_carea' id='block_1_2' title="bbox 20 252 944 3279">
    <p class='ocr_par' dir='ltr' id='par_1_2' title="bbox 20 252 944 3279">
     <span class='ocr_line' id='line_1_2' title="bbox 59 252 901 329; baseline 0.001 -19"><span class='ocrx_word' id='word_1_4' title='bbox 59 261 220 310; x_wconf 83' lang='lat' dir='ltr'>tamentum</span> <span class='ocrx_word' id='word_1_5' title='bbox 238 253 348 309; x_wconf 88' lang='lat' dir='ltr'>irritum</span> <span class='ocrx_word' id='word_1_6' title='bbox 364 252 451 309; x_wconf 85' lang='lat' dir='ltr'>fecit:</span> <span class='ocrx_word' id='word_1_7' title='bbox 474 252 652 329; x_wconf 88' lang='lat' dir='ltr'>quodetiam</span> <span class='ocrx_word' id='word_1_8' title='bbox 668 252 774 308; x_wconf 85' lang='lat' dir='ltr'>intimis</span> <span class='ocrx_word' id='word_1_9' title='bbox 791 252 901 311; x_wconf 86' lang='lat' dir='ltr'>civibus</span> 
     </span>
     <span class='ocr_line' id='line_1_3' title="bbox 59 331 900 410; baseline 0 -19"><span class='ocrx_word' id='word_1_10' title='bbox 59 352 173 410; x_wconf 78' lang='lat' dir='ltr'>semper</span> <span class='ocrx_word' id='word_1_11' title='bbox 194 332 344 390; x_wconf 84' lang='lat' dir='ltr'>obtentum</span> <span class='ocrx_word' id='word_1_12' title='bbox 366 338 416 389; x_wconf 88' lang='lat' dir='ltr'>est.</span> <span class='ocrx_word' id='word_1_13' title='bbox 459 331 556 409; x_wconf 85' lang='lat' dir='ltr'>Signa,</span> <span class='ocrx_word' id='word_1_14' title='bbox 568 332 687 402; x_wconf 87' lang='lat' dir='ltr'>tabulas,</span> <span class='ocrx_word' id='word_1_15' title='bbox 701 352 770 409; x_wconf 88' lang='lat' dir='ltr'>quas</span> <span class='ocrx_word' id='word_1_16' title='bbox 791 334 900 410; x_wconf 93' lang='lat' dir='ltr'>populo</span> 
     </span>
     <span class='ocr_line' id='line_1_4' title="bbox 60 411 900 488; baseline 0.002 -19"><span class='ocrx_word' id='word_1_17' title='bbox 60 413 165 470; x_wconf 86' lang='lat' dir='ltr'>Caesar</span> <span class='ocrx_word' id='word_1_18' title='bbox 178 432 236 469; x_wconf 88' lang='lat' dir='ltr'>una</span> <span class='ocrx_word' id='word_1_19' title='bbox 249 431 314 469; x_wconf 91' lang='lat' dir='ltr'>oum</span> <span class='ocrx_word' id='word_1_20' title='bbox 328 411 547 488; x_wconf 85' lang='lat' dir='ltr'>hortislegavit,</span> <span class='ocrx_word' id='word_1_21' title='bbox 559 432 606 469; x_wconf 91' lang='lat' dir='ltr'>eas</span> <span class='ocrx_word' id='word_1_22' title='bbox 620 412 667 468; x_wconf 88' lang='lat' dir='ltr'>hie</span> <span class='ocrx_word' id='word_1_23' title='bbox 678 413 783 488; x_wconf 86' lang='lat' dir='ltr'>partim</span> <span class='ocrx_word' id='word_1_24' title='bbox 794 414 824 469; x_wconf 88' lang='lat' dir='ltr'>in</span> <span class='ocrx_word' id='word_1_25' title='bbox 836 414 900 472; x_wconf 92' lang='lat' dir='ltr'>hor-</span> 
     </span>
     <span class='ocr_line' id='line_1_5' title="bbox 59 491 876 569; baseline 0.001 -19"><span class='ocrx_word' id='word_1_26' title='bbox 59 499 106 550; x_wconf 87' lang='lat' dir='ltr'>tos</span> <span class='ocrx_word' id='word_1_27' title='bbox 120 492 253 568; x_wconf 89' lang='lat' dir='ltr'>Pompeii</span> <span class='ocrx_word' id='word_1_28' title='bbox 268 492 438 568; x_wconf 78' lang='lat' dir='ltr'>deportavit,</span> <span class='ocrx_word' id='word_1_29' title='bbox 450 492 556 569; x_wconf 78' lang='lat' dir='ltr'>partlm</span> <span class='ocrx_word' id='word_1_30' title='bbox 570 492 600 547; x_wconf 93' lang='lat' dir='ltr'>in</span> <span class='ocrx_word' id='word_1_31' title='bbox 615 491 711 548; x_wconf 84' lang='lat' dir='ltr'>villam</span> <span class='ocrx_word' id='word_1_32' title='bbox 727 491 876 569; x_wconf 76' lang='lat' dir='ltr'>Scipionis.</span> 
     </span>
     <span class='ocr_line' id='line_1_6' title="bbox 101 570 899 650; baseline 0.004 -22"><span class='ocrx_word' id='word_1_33' title='bbox 101 570 208 629; x_wconf 86' lang='lat' dir='ltr'><strong>XLIII.</strong></span> <span class='ocrx_word' id='word_1_34' title='bbox 239 577 305 629; x_wconf 88' lang='grc'><strong>110.</strong></span> <span class='ocrx_word' id='word_1_35' title='bbox 320 571 358 628; x_wconf 85' lang='lat' dir='ltr'>Et</span> <span class='ocrx_word' id='word_1_36' title='bbox 372 579 404 628; x_wconf 87' lang='lat' dir='ltr'>tu</span> <span class='ocrx_word' id='word_1_37' title='bbox 418 572 449 627; x_wconf 89' lang='lat' dir='ltr'>in</span> <span class='ocrx_word' id='word_1_38' title='bbox 462 571 590 628; x_wconf 81' lang='lat' dir='ltr'>Caesaris</span> <span class='ocrx_word' id='word_1_39' title='bbox 607 572 746 629; x_wconf 91' lang='lat' dir='ltr'>memoria</span> <span class='ocrx_word' id='word_1_40' title='bbox 759 573 899 650; x_wconf 79' lang='lat' dir='ltr'>diligensl</span> 
     </span>
     <span class='ocr_line' id='line_1_7' title="bbox 59 651 899 719; baseline 0.002 -10"><span class='ocrx_word' id='word_1_41' title='bbox 59 659 93 709; x_wconf 94' lang='lat' dir='ltr'>tu</span> <span class='ocrx_word' id='word_1_42' title='bbox 110 651 190 709; x_wconf 92' lang='lat' dir='ltr'>illurn</span> <span class='ocrx_word' id='word_1_43' title='bbox 208 671 286 708; x_wconf 85' lang='lat' dir='ltr'>amas</span> <span class='ocrx_word' id='word_1_44' title='bbox 302 653 467 715; x_wconf 80' lang='lat' dir='ltr'>mortuuml</span> <span class='ocrx_word' id='word_1_45' title='bbox 507 651 600 719; x_wconf 78' lang='lat' dir='ltr'>Quem</span> <span class='ocrx_word' id='word_1_46' title='bbox 618 652 642 708; x_wconf 90' lang='lat' dir='ltr'>is</span> <span class='ocrx_word' id='word_1_47' title='bbox 656 651 794 709; x_wconf 91' lang='lat' dir='ltr'>honorem</span> <span class='ocrx_word' id='word_1_48' title='bbox 812 655 899 711; x_wconf 90' lang='lat' dir='ltr'>maio-</span> 
     </span>
     <span class='ocr_line' id='line_1_8' title="bbox 60 730 900 809; baseline 0.001 -20"><span class='ocrx_word' id='word_1_49' title='bbox 60 751 120 790; x_wconf 88' lang='lat' dir='ltr'>rem</span> <span class='ocrx_word' id='word_1_50' title='bbox 143 739 311 790; x_wconf 89' lang='lat' dir='ltr'>oonscoutus</span> <span class='ocrx_word' id='word_1_51' title='bbox 333 738 400 802; x_wconf 89' lang='lat' dir='ltr'>erat,</span> <span class='ocrx_word' id='word_1_52' title='bbox 414 750 500 808; x_wconf 87' lang='lat' dir='ltr'>quam</span> <span class='ocrx_word' id='word_1_53' title='bbox 521 739 554 788; x_wconf 88' lang='lat' dir='ltr'>ut</span> <span class='ocrx_word' id='word_1_54' title='bbox 574 730 692 788; x_wconf 87' lang='lat' dir='ltr'>haberet</span> <span class='ocrx_word' id='word_1_55' title='bbox 710 732 849 809; x_wconf 85' lang='lat' dir='ltr'>pulvinar,</span> <span class='ocrx_word' id='word_1_56' title='bbox 865 735 900 790; x_wconf 92' lang='lat' dir='ltr'>si-</span> 
     </span>
     <span class='ocr_line' id='line_1_9' title="bbox 58 811 897 889; baseline 0 -20"><span class='ocrx_word' id='word_1_57' title='bbox 58 812 226 882; x_wconf 79' lang='lat' dir='ltr'>mulacrum,</span> <span class='ocrx_word' id='word_1_58' title='bbox 241 811 400 888; x_wconf 77' lang='lat' dir='ltr'>fastigium,</span> <span class='ocrx_word' id='word_1_59' title='bbox 412 811 580 881; x_wconf 65' lang='lat' dir='ltr'>xilamineml</span> <span class='ocrx_word' id='word_1_60' title='bbox 621 812 673 868; x_wconf 87' lang='lat' dir='ltr'>Est</span> <span class='ocrx_word' id='word_1_61' title='bbox 695 831 764 889; x_wconf 87' lang='lat' dir='ltr'>ergo</span> <span class='ocrx_word' id='word_1_62' title='bbox 785 812 897 884; x_wconf 84' lang='lat' dir='ltr'>flamen,</span> 
     </span>
     <span class='ocr_line' id='line_1_10' title="bbox 58 883 900 963; baseline 0 -13"><span class='ocrx_word' id='word_1_63' title='bbox 58 899 93 950; x_wconf 85' lang='lat' dir='ltr'>ut</span> <span class='ocrx_word' id='word_1_64' title='bbox 109 891 179 963; x_wconf 87' lang='lat' dir='ltr'>Iovi,</span> <span class='ocrx_word' id='word_1_65' title='bbox 192 899 224 949; x_wconf 89' lang='lat' dir='ltr'>ut</span> <span class='ocrx_word' id='word_1_66' title='bbox 238 891 331 962; x_wconf 85' lang='lat' dir='ltr'>Marti,</span> <span class='ocrx_word' id='word_1_67' title='bbox 343 898 377 949; x_wconf 89' lang='lat' dir='ltr'>ut</span> <span class='ocrx_word' id='word_1_68' title='bbox 388 890 520 963; x_wconf 80' lang='lat' dir='ltr'>Quirine,</span> <span class='ocrx_word' id='word_1_69' title='bbox 531 892 573 949; x_wconf 89' lang='lat' dir='ltr'>sic</span> <span class='ocrx_word' id='word_1_70' title='bbox 587 892 654 948; x_wconf 86' lang='lat' dir='ltr'>divo</span> <span class='ocrx_word' id='word_1_71' title='bbox 669 883 742 949; x_wconf 89' lang='lat' dir='ltr'>Iulio</span> <span class='ocrx_word' id='word_1_72' title='bbox 759 892 797 949; x_wconf 77' lang='lat' dir='ltr'>m</span> <span class='ocrx_word' id='word_1_73' title='bbox 809 892 900 950; x_wconf 88' lang='lat' dir='ltr'>Anto·</span> 
     </span>
     <span class='ocr_line' id='line_1_11' title="bbox 58 971 899 1050; baseline 0.001 -22"><span class='ocrx_word' id='word_1_74' title='bbox 58 973 140 1029; x_wconf 78' lang='lat' dir='ltr'>niusl</span> <span class='ocrx_word' id='word_1_75' title='bbox 181 971 258 1040; x_wconf 82' lang='lat' dir='ltr'>Quid</span> <span class='ocrx_word' id='word_1_76' title='bbox 282 972 372 1048; x_wconf 82' lang='lat' dir='ltr'>igitur</span> <span class='ocrx_word' id='word_1_77' title='bbox 394 973 504 1029; x_wconf 77' lang='lat' dir='ltr'>cessast</span> <span class='ocrx_word' id='word_1_78' title='bbox 542 971 604 1030; x_wconf 90' lang='lat' dir='ltr'>Cur</span> <span class='ocrx_word' id='word_1_79' title='bbox 626 991 686 1029; x_wconf 88' lang='lat' dir='ltr'>nen</span> <span class='ocrx_word' id='word_1_80' title='bbox 710 973 899 1050; x_wconf 76' lang='lat' dir='ltr'>inauguraret</span> 
     </span>
     <span class='ocr_line' id='line_1_12' title="bbox 56 1051 898 1130; baseline 0.001 -21"><span class='ocrx_word' id='word_1_81' title='bbox 56 1051 147 1110; x_wconf 77' lang='lat' dir='ltr'>Smne</span> <span class='ocrx_word' id='word_1_82' title='bbox 160 1052 237 1110; x_wconf 88' lang='lat' dir='ltr'>diem</span> <span class='ocrx_word' id='word_1_83' title='bbox 250 1071 256 1109; x_wconf 94' lang='lat'>:</span> <span class='ocrx_word' id='word_1_84' title='bbox 278 1052 343 1109; x_wconf 89' lang='lat' dir='ltr'>vide</span> <span class='ocrx_word' id='word_1_85' title='bbox 354 1053 404 1130; x_wconf 90' lang='lat' dir='ltr'>qui</span> <span class='ocrx_word' id='word_1_86' title='bbox 414 1060 444 1111; x_wconf 89' lang='lat' dir='ltr'>tc</span> <span class='ocrx_word' id='word_1_87' title='bbox 458 1053 626 1130; x_wconf 87' lang='lat' dir='ltr'>inauguret:</span> <span class='ocrx_word' id='word_1_88' title='bbox 648 1052 772 1130; x_wconf 87' lang='lat' dir='ltr'>collegae</span> <span class='ocrx_word' id='word_1_89' title='bbox 784 1071 898 1110; x_wconf 87' lang='lat' dir='ltr'>sumus:</span> 
     </span>
     <span class='ocr_line' id='line_1_13' title="bbox 60 1132 899 1210; baseline 0.001 -21"><span class='ocrx_word' id='word_1_90' title='bbox 60 1152 144 1190; x_wconf 88' lang='lat' dir='ltr'>nemo</span> <span class='ocrx_word' id='word_1_91' title='bbox 161 1132 285 1210; x_wconf 85' lang='lat' dir='ltr'>negabit.</span> <span class='ocrx_word' id='word_1_92' title='bbox 327 1132 354 1191; x_wconf 89' lang='grc' dir='ltr'>Ο</span> <span class='ocrx_word' id='word_1_93' title='bbox 368 1133 566 1191; x_wconf 89' lang='lat' dir='ltr'>detestabilem</span> <span class='ocrx_word' id='word_1_94' title='bbox 580 1133 736 1204; x_wconf 88' lang='lat' dir='ltr'>hominem,</span> <span class='ocrx_word' id='word_1_95' title='bbox 749 1134 807 1190; x_wconf 79' lang='lat' dir='ltr'>sive</span> <span class='ocrx_word' id='word_1_96' title='bbox 821 1133 899 1210; x_wconf 93' lang='lat' dir='ltr'>quod</span> 
     </span>
     <span class='ocr_line' id='line_1_14' title="bbox 59 1212 899 1290; baseline -0.001 -21"><span class='ocrx_word' id='word_1_97' title='bbox 59 1212 174 1290; x_wconf 80' lang='lat' dir='ltr'>tyranni</span> <span class='ocrx_word' id='word_1_98' title='bbox 185 1212 316 1270; x_wconf 88' lang='lat' dir='ltr'>sacerdos</span> <span class='ocrx_word' id='word_1_99' title='bbox 330 1232 360 1269; x_wconf 87' lang='lat' dir='ltr'>es</span> <span class='ocrx_word' id='word_1_100' title='bbox 374 1214 432 1270; x_wconf 88' lang='lat' dir='ltr'>sive</span> <span class='ocrx_word' id='word_1_101' title='bbox 447 1213 526 1290; x_wconf 92' lang='lat' dir='ltr'>quod</span> <span class='ocrx_word' id='word_1_102' title='bbox 539 1213 663 1270; x_wconf 84' lang='lat' dir='ltr'>mortuil</span> <span class='ocrx_word' id='word_1_103' title='bbox 695 1212 807 1280; x_wconf 78' lang='lat' dir='ltr'>Quaero</span> <span class='ocrx_word' id='word_1_104' title='bbox 819 1213 899 1269; x_wconf 91' lang='lat' dir='ltr'>dein-</span> 
     </span>
     <span class='ocr_line' id='line_1_15' title="bbox 58 1292 899 1369; baseline 0.001 -21"><span class='ocrx_word' id='word_1_105' title='bbox 58 1313 134 1368; x_wconf 73' lang='lat' dir='ltr'>cepS,</span> <span class='ocrx_word' id='word_1_106' title='bbox 149 1312 218 1349; x_wconf 91' lang='lat' dir='ltr'>num</span> <span class='ocrx_word' id='word_1_107' title='bbox 239 1292 396 1349; x_wconf 87' lang='lat' dir='ltr'>hodiernus</span> <span class='ocrx_word' id='word_1_108' title='bbox 416 1292 478 1349; x_wconf 88' lang='lat' dir='ltr'>dies</span> <span class='ocrx_word' id='word_1_109' title='bbox 499 1293 549 1369; x_wconf 92' lang='lat' dir='ltr'>qui</span> <span class='ocrx_word' id='word_1_110' title='bbox 570 1293 607 1349; x_wconf 79' lang='lat' dir='ltr'>sn</span> <span class='ocrx_word' id='word_1_111' title='bbox 627 1293 759 1369; x_wconf 78' lang='lat' dir='ltr'>ignoresl</span> <span class='ocrx_word' id='word_1_112' title='bbox 800 1292 899 1349; x_wconf 88' lang='lat' dir='ltr'>Nescis</span> 
     </span>
     <span class='ocr_line' id='line_1_16' title="bbox 60 1371 898 1448; baseline 0 -20"><span class='ocrx_word' id='word_1_113' title='bbox 60 1371 121 1428; x_wconf 89' lang='lat' dir='ltr'>heri</span> <span class='ocrx_word' id='word_1_114' title='bbox 142 1378 275 1448; x_wconf 90' lang='lat' dir='ltr'>quartum</span> <span class='ocrx_word' id='word_1_115' title='bbox 296 1372 326 1427; x_wconf 91' lang='lat' dir='ltr'>in</span> <span class='ocrx_word' id='word_1_116' title='bbox 346 1371 430 1428; x_wconf 88' lang='lat' dir='ltr'>Circo</span> <span class='ocrx_word' id='word_1_117' title='bbox 451 1372 529 1429; x_wconf 89' lang='lat' dir='ltr'>diem</span> <span class='ocrx_word' id='word_1_118' title='bbox 549 1371 683 1429; x_wconf 86' lang='lat' dir='ltr'>ludorum</span> <span class='ocrx_word' id='word_1_119' title='bbox 704 1371 898 1429; x_wconf 86' lang='lat' dir='ltr'>Romanorum</span> 
     </span>
     <span class='ocr_line' id='line_1_17' title="bbox 59 1451 899 1528; baseline 0.001 -21"><span class='ocrx_word' id='word_1_120' title='bbox 59 1452 165 1508; x_wconf 71' lang='lat' dir='ltr'>fuisset</span> <span class='ocrx_word' id='word_1_121' title='bbox 181 1458 210 1508; x_wconf 89' lang='lat' dir='ltr'>te</span> <span class='ocrx_word' id='word_1_122' title='bbox 221 1459 317 1509; x_wconf 88' lang='lat' dir='ltr'>autem</span> <span class='ocrx_word' id='word_1_123' title='bbox 326 1452 424 1528; x_wconf 76' lang='lat' dir='ltr'>‘ipsum</span> <span class='ocrx_word' id='word_1_124' title='bbox 431 1452 471 1509; x_wconf 89' lang='lat' dir='ltr'>ad</span> <span class='ocrx_word' id='word_1_125' title='bbox 478 1451 619 1528; x_wconf 89' lang='lat' dir='ltr'>populum</span> <span class='ocrx_word' id='word_1_126' title='bbox 630 1451 772 1508; x_wconf 89' lang='lat' dir='ltr'>tulissent</span> <span class='ocrx_word' id='word_1_127' title='bbox 783 1452 899 1528; x_wconf 87' lang='lat' dir='ltr'>quintus</span> 
     </span>
     <span class='ocr_line' id='line_1_18' title="bbox 59 1531 900 1608; baseline 0.001 -22"><span class='ocrx_word' id='word_1_128' title='bbox 59 1538 205 1608; x_wconf 86' lang='lat' dir='ltr'>praeterea</span> <span class='ocrx_word' id='word_1_129' title='bbox 222 1531 283 1589; x_wconf 90' lang='lat' dir='ltr'>dies</span> <span class='ocrx_word' id='word_1_130' title='bbox 299 1531 413 1588; x_wconf 80' lang='lat' dir='ltr'>Caesari</span> <span class='ocrx_word' id='word_1_131' title='bbox 429 1531 621 1590; x_wconf 69' lang='lat' dir='ltr'>tribueretur?</span> <span class='ocrx_word' id='word_1_132' title='bbox 654 1531 714 1588; x_wconf 89' lang='lat' dir='ltr'>Cur</span> <span class='ocrx_word' id='word_1_133' title='bbox 728 1551 788 1588; x_wconf 88' lang='lat' dir='ltr'>non</span> <span class='ocrx_word' id='word_1_134' title='bbox 800 1551 900 1588; x_wconf 84' lang='lat' dir='ltr'>sumus</span> 
     </span>
     <span class='ocr_line' id='line_1_19' title="bbox 60 1610 898 1688; baseline 0 -21"><span class='ocrx_word' id='word_1_135' title='bbox 60 1611 249 1687; x_wconf 62' lang='lat' dir='ltr'>praetextati?</span> <span class='ocrx_word' id='word_1_136' title='bbox 289 1611 349 1668; x_wconf 90' lang='lat' dir='ltr'>Cur</span> <span class='ocrx_word' id='word_1_137' title='bbox 362 1610 502 1669; x_wconf 87' lang='lat' dir='ltr'>honorem</span> <span class='ocrx_word' id='word_1_138' title='bbox 516 1611 645 1668; x_wconf 84' lang='lat' dir='ltr'>Caesaris</span> <span class='ocrx_word' id='word_1_139' title='bbox 659 1618 709 1668; x_wconf 88' lang='lat' dir='ltr'>tua</span> <span class='ocrx_word' id='word_1_140' title='bbox 722 1610 785 1688; x_wconf 87' lang='lat' dir='ltr'>lege</span> <span class='ocrx_word' id='word_1_141' title='bbox 799 1611 898 1668; x_wconf 88' lang='lat' dir='ltr'>datum</span> 
     </span>
     <span class='ocr_line' id='line_1_20' title="bbox 59 1691 900 1768; baseline 0 -20"><span class='ocrx_word' id='word_1_142' title='bbox 59 1691 153 1748; x_wconf 89' lang='lat' dir='ltr'>deseri</span> <span class='ocrx_word' id='word_1_143' title='bbox 163 1691 306 1768; x_wconf 67' lang='lat' dir='ltr'>patimur?</span> <span class='ocrx_word' id='word_1_144' title='bbox 321 1711 358 1748; x_wconf 88' lang='lat' dir='ltr'>an</span> <span class='ocrx_word' id='word_1_145' title='bbox 368 1691 593 1768; x_wconf 86' lang='lat' dir='ltr'>supplicationes</span> <span class='ocrx_word' id='word_1_146' title='bbox 602 1691 735 1748; x_wconf 89' lang='lat' dir='ltr'>addendo</span> <span class='ocrx_word' id='word_1_147' title='bbox 747 1692 824 1748; x_wconf 89' lang='lat' dir='ltr'>diem</span> <span class='ocrx_word' id='word_1_148' title='bbox 835 1711 900 1748; x_wconf 86' lang='lat' dir='ltr'>cou-</span> 
     </span>
     <span class='ocr_line' id='line_1_21' title="bbox 59 1771 900 1848; baseline 0.001 -21"><span class='ocrx_word' id='word_1_149' title='bbox 59 1771 195 1828; x_wconf 86' lang='lat' dir='ltr'>taminari</span> <span class='ocrx_word' id='word_1_150' title='bbox 205 1791 305 1848; x_wconf 88' lang='lat' dir='ltr'>passus</span> <span class='ocrx_word' id='word_1_151' title='bbox 316 1791 353 1841; x_wconf 88' lang='lat' dir='ltr'>es,</span> <span class='ocrx_word' id='word_1_152' title='bbox 364 1772 524 1848; x_wconf 87' lang='lat' dir='ltr'>pulvinaria</span> <span class='ocrx_word' id='word_1_153' title='bbox 533 1771 670 1829; x_wconf 76' lang='lat' dir='ltr'>noluistil</span> <span class='ocrx_word' id='word_1_154' title='bbox 700 1771 762 1828; x_wconf 88' lang='lat' dir='ltr'>Aut</span> <span class='ocrx_word' id='word_1_155' title='bbox 772 1772 900 1847; x_wconf 87' lang='lat' dir='ltr'>undique</span> 
     </span>
     <span class='ocr_line' id='line_1_22' title="bbox 60 1851 898 1929; baseline 0.001 -22"><span class='ocrx_word' id='word_1_156' title='bbox 60 1851 229 1928; x_wconf 81' lang='lat' dir='ltr'>religionem</span> <span class='ocrx_word' id='word_1_157' title='bbox 250 1852 320 1909; x_wconf 90' lang='lat' dir='ltr'>tolle</span> <span class='ocrx_word' id='word_1_158' title='bbox 337 1859 390 1908; x_wconf 89' lang='lat' dir='ltr'>aut</span> <span class='ocrx_word' id='word_1_159' title='bbox 407 1871 625 1929; x_wconf 85' lang='lat' dir='ltr'>usquequaque</span> <span class='ocrx_word' id='word_1_160' title='bbox 644 1870 788 1908; x_wconf 86' lang='lat' dir='ltr'>conserva</span> <span class='ocrx_word' id='word_1_161' title='bbox 833 1857 898 1908; x_wconf 88' lang='lat'>111.</span> 
     </span>
     <span class='ocr_line' id='line_1_23' title="bbox 59 1929 901 2008; baseline -0.001 -20"><span class='ocrx_word' id='word_1_162' title='bbox 59 1929 181 2000; x_wconf 78' lang='lat' dir='ltr'>Quaeris</span> <span class='ocrx_word' id='word_1_163' title='bbox 196 1931 343 2008; x_wconf 87' lang='lat' dir='ltr'>placeatne</span> <span class='ocrx_word' id='word_1_164' title='bbox 357 1931 431 1988; x_wconf 92' lang='lat' dir='ltr'>mihi</span> <span class='ocrx_word' id='word_1_165' title='bbox 448 1931 580 2008; x_wconf 86' lang='lat' dir='ltr'>pulvinar</span> <span class='ocrx_word' id='word_1_166' title='bbox 595 1951 664 2001; x_wconf 88' lang='lat' dir='ltr'>esse,</span> <span class='ocrx_word' id='word_1_167' title='bbox 680 1931 838 2008; x_wconf 81' lang='lat' dir='ltr'>fastigium,</span> <span class='ocrx_word' id='word_1_168' title='bbox 853 1931 901 1988; x_wconf 86' lang='lat' dir='ltr'>tla-</span> 
     </span>
     <span class='ocr_line' id='line_1_24' title="bbox 61 2011 899 2091; baseline 0 -23"><span class='ocrx_word' id='word_1_169' title='bbox 61 2013 177 2069; x_wconf 91' lang='lat' dir='ltr'>minem.</span> <span class='ocrx_word' id='word_1_170' title='bbox 220 2011 293 2068; x_wconf 93' lang='lat' dir='ltr'>Mihi</span> <span class='ocrx_word' id='word_1_171' title='bbox 314 2031 381 2068; x_wconf 88' lang='lat' dir='ltr'>vero</span> <span class='ocrx_word' id='word_1_172' title='bbox 401 2011 473 2068; x_wconf 93' lang='lat' dir='ltr'>nihil</span> <span class='ocrx_word' id='word_1_173' title='bbox 495 2012 623 2069; x_wconf 50' lang='lat' dir='ltr'>istomm¹</span> <span class='ocrx_word' id='word_1_174' title='bbox 636 2011 737 2088; x_wconf 90' lang='lat' dir='ltr'>placet.</span> <span class='ocrx_word' id='word_1_175' title='bbox 780 2011 838 2091; x_wconf 83' lang='lat' dir='ltr'>Sed</span> <span class='ocrx_word' id='word_1_176' title='bbox 858 2018 899 2082; x_wconf 89' lang='lat' dir='ltr'>tu,</span> 
     </span>
     <span class='ocr_line' id='line_1_25' title="bbox 61 2091 901 2169; baseline -0.001 -20"><span class='ocrx_word' id='word_1_177' title='bbox 61 2092 112 2168; x_wconf 93' lang='lat' dir='ltr'>qui</span> <span class='ocrx_word' id='word_1_178' title='bbox 126 2099 189 2149; x_wconf 92' lang='lat' dir='ltr'>aeta</span> <span class='ocrx_word' id='word_1_179' title='bbox 202 2091 331 2149; x_wconf 82' lang='lat' dir='ltr'>Caesaris</span> <span class='ocrx_word' id='word_1_180' title='bbox 344 2092 485 2162; x_wconf 87' lang='lat' dir='ltr'>defendis,</span> <span class='ocrx_word' id='word_1_181' title='bbox 496 2092 565 2168; x_wconf 93' lang='lat' dir='ltr'>quid</span> <span class='ocrx_word' id='word_1_182' title='bbox 579 2098 662 2169; x_wconf 87' lang='lat' dir='ltr'>potes</span> <span class='ocrx_word' id='word_1_183' title='bbox 676 2091 769 2148; x_wconf 89' lang='lat' dir='ltr'>dicere</span> <span class='ocrx_word' id='word_1_184' title='bbox 783 2111 833 2148; x_wconf 91' lang='lat' dir='ltr'>cur</span> <span class='ocrx_word' id='word_1_185' title='bbox 847 2091 901 2148; x_wconf 86' lang='lat' dir='ltr'>alia</span> 
     </span>
     <span class='ocr_line' id='line_1_26' title="bbox 20 2171 901 2242; baseline 0.005 -18"><span class='ocrx_word' id='word_1_186' title='bbox 20 2221 22 2224; x_wconf 77' lang='grc'>,</span> <span class='ocrx_word' id='word_1_187' title='bbox 61 2172 209 2242; x_wconf 67' lang='lat' dir='ltr'>defendas</span> <span class='ocrx_word' id='word_1_188' title='bbox 224 2171 280 2228; x_wconf 85' lang='lat' dir='ltr'>alia</span> <span class='ocrx_word' id='word_1_189' title='bbox 299 2191 358 2228; x_wconf 92' lang='lat' dir='ltr'>non</span> <span class='ocrx_word' id='word_1_190' title='bbox 381 2174 481 2229; x_wconf 73' lang='lat' dir='ltr'>curesl</span> <span class='ocrx_word' id='word_1_191' title='bbox 521 2172 586 2228; x_wconf 88' lang='lat' dir='ltr'>Nisi</span> <span class='ocrx_word' id='word_1_192' title='bbox 607 2172 683 2229; x_wconf 84' lang='lat' dir='ltr'>forte</span> <span class='ocrx_word' id='word_1_193' title='bbox 704 2172 747 2228; x_wconf 90' lang='lat' dir='ltr'>vis</span> <span class='ocrx_word' id='word_1_194' title='bbox 767 2172 851 2228; x_wconf 86' lang='lat' dir='ltr'>fateri</span> <span class='ocrx_word' id='word_1_195' title='bbox 872 2178 901 2228; x_wconf 91' lang='lat' dir='ltr'>te</span> 
     </span>
     <span class='ocr_line' id='line_1_27' title="bbox 62 2250 902 2328; baseline 0.001 -22"><span class='ocrx_word' id='word_1_196' title='bbox 62 2252 160 2307; x_wconf 90' lang='lat' dir='ltr'>emnia</span> <span class='ocrx_word' id='word_1_197' title='bbox 170 2258 290 2327; x_wconf 90' lang='lat' dir='ltr'>quaestu</span> <span class='ocrx_word' id='word_1_198' title='bbox 302 2258 363 2321; x_wconf 89' lang='lat' dir='ltr'>tuo,</span> <span class='ocrx_word' id='word_1_199' title='bbox 372 2270 430 2306; x_wconf 91' lang='lat' dir='ltr'>non</span> <span class='ocrx_word' id='word_1_200' title='bbox 441 2251 517 2307; x_wconf 89' lang='lat' dir='ltr'>illius</span> <span class='ocrx_word' id='word_1_201' title='bbox 530 2252 671 2328; x_wconf 86' lang='lat' dir='ltr'>dignitate</span> <span class='ocrx_word' id='word_1_202' title='bbox 685 2252 787 2308; x_wconf 87' lang='lat' dir='ltr'>metiri.</span> <span class='ocrx_word' id='word_1_203' title='bbox 824 2250 902 2319; x_wconf 80' lang='lat' dir='ltr'>Quid</span> 
     </span>
     <span class='ocr_line' id='line_1_28' title="bbox 62 2330 900 2406; baseline 0.002 -20"><span class='ocrx_word' id='word_1_204' title='bbox 62 2331 179 2387; x_wconf 87' lang='lat' dir='ltr'>adhaec</span> <span class='ocrx_word' id='word_1_205' title='bbox 190 2330 326 2387; x_wconf 80' lang='lat' dir='ltr'>tandeml</span> <span class='ocrx_word' id='word_1_206' title='bbox 360 2330 503 2406; x_wconf 87' lang='lat' dir='ltr'>Exspecto</span> <span class='ocrx_word' id='word_1_207' title='bbox 517 2331 594 2386; x_wconf 87' lang='lat' dir='ltr'>enim</span> <span class='ocrx_word' id='word_1_208' title='bbox 608 2330 801 2406; x_wconf 85' lang='lat' dir='ltr'>eloquentiam</span> <span class='ocrx_word' id='word_1_209' title='bbox 812 2338 900 2388; x_wconf 85' lang='lat' dir='ltr'>tuam</span> 
     </span>
     <span class='ocr_line' id='line_1_29' title="bbox 63 2409 902 2486; baseline 0 -20"><span class='ocrx_word' id='word_1_210' title='bbox 63 2409 291 2467; x_wconf 88' lang='lat' dir='ltr'>Disertissimum</span> <span class='ocrx_word' id='word_1_211' title='bbox 302 2411 425 2486; x_wconf 84' lang='lat' dir='ltr'>cognovi</span> <span class='ocrx_word' id='word_1_212' title='bbox 431 2429 518 2466; x_wconf 79' lang='lat' dir='ltr'>evum</span> <span class='ocrx_word' id='word_1_213' title='bbox 526 2417 610 2466; x_wconf 85' lang='lat' dir='ltr'>tuum</span> <span class='ocrx_word' id='word_1_214' title='bbox 621 2428 627 2466; x_wconf 94' lang='lat'><strong>:</strong></span> <span class='ocrx_word' id='word_1_215' title='bbox 649 2419 679 2467; x_wconf 86' lang='lat' dir='ltr'>at</span> <span class='ocrx_word' id='word_1_216' title='bbox 687 2417 716 2466; x_wconf 89' lang='lat' dir='ltr'>te</span> <span class='ocrx_word' id='word_1_217' title='bbox 727 2410 814 2466; x_wconf 84' lang='lat' dir='ltr'>etiam</span> <span class='ocrx_word' id='word_1_218' title='bbox 822 2429 902 2486; x_wconf 82' lang='lat' dir='ltr'>aper·-</span> 
     </span>
     <span class='ocr_line' id='line_1_30' title="bbox 60 2489 903 2565; baseline -0.002 -19"><span class='ocrx_word' id='word_1_219' title='bbox 60 2491 165 2547; x_wconf 83' lang='lat' dir='ltr'>tiorem</span> <span class='ocrx_word' id='word_1_220' title='bbox 189 2491 219 2546; x_wconf 87' lang='lat' dir='ltr'>in</span> <span class='ocrx_word' id='word_1_221' title='bbox 240 2490 371 2547; x_wconf 89' lang='lat' dir='ltr'>dicendo.</span> <span class='ocrx_word' id='word_1_222' title='bbox 407 2489 458 2546; x_wconf 91' lang='lat' dir='ltr'>Ille</span> <span class='ocrx_word' id='word_1_223' title='bbox 480 2508 636 2565; x_wconf 87' lang='lat' dir='ltr'>numquam</span> <span class='ocrx_word' id='word_1_224' title='bbox 659 2489 817 2545; x_wconf 87' lang='lat' dir='ltr'>nudusest</span> <span class='ocrx_word' id='word_1_225' title='bbox 838 2509 903 2546; x_wconf 89' lang='lat' dir='ltr'>con-</span> 
     </span>
     <span class='ocr_line' id='line_1_31' title="bbox 63 2568 901 2645; baseline -0.002 -18"><span class='ocrx_word' id='word_1_226' title='bbox 63 2571 209 2627; x_wconf 87' lang='lat' dir='ltr'>tionatus:</span> <span class='ocrx_word' id='word_1_227' title='bbox 236 2577 319 2626; x_wconf 87' lang='lat' dir='ltr'>tuum</span> <span class='ocrx_word' id='word_1_228' title='bbox 340 2569 467 2626; x_wconf 88' lang='lat' dir='ltr'>hominis</span> <span class='ocrx_word' id='word_1_229' title='bbox 487 2568 625 2645; x_wconf 88' lang='lat' dir='ltr'>simplicis</span> <span class='ocrx_word' id='word_1_230' title='bbox 647 2576 747 2645; x_wconf 89' lang='lat' dir='ltr'>pectus</span> <span class='ocrx_word' id='word_1_231' title='bbox 769 2569 901 2625; x_wconf 82' lang='lat' dir='ltr'>vidimus</span> 
     </span>
     <span class='ocr_line' id='line_1_32' title="bbox 64 2648 903 2726; baseline -0.002 -20"><span class='ocrx_word' id='word_1_232' title='bbox 64 2649 299 2726; x_wconf 87' lang='lat' dir='ltr'>Respondebisne</span> <span class='ocrx_word' id='word_1_233' title='bbox 313 2650 432 2706; x_wconf 87' lang='lat' dir='ltr'>adhaec</span> <span class='ocrx_word' id='word_1_234' title='bbox 448 2657 498 2706; x_wconf 86' lang='lat' dir='ltr'>aut</span> <span class='ocrx_word' id='word_1_235' title='bbox 512 2649 632 2705; x_wconf 85' lang='lat' dir='ltr'>omniuo</span> <span class='ocrx_word' id='word_1_236' title='bbox 645 2648 753 2706; x_wconf 86' lang='lat' dir='ltr'>hiscere</span> <span class='ocrx_word' id='word_1_237' title='bbox 767 2648 903 2705; x_wconf 67' lang='lat' dir='ltr'>audebis?</span> 
     </span>
     <span class='ocr_line' id='line_1_33' title="bbox 65 2729 903 2806; baseline -0.001 -21"><span class='ocrx_word' id='word_1_238' title='bbox 65 2730 178 2806; x_wconf 89' lang='lat' dir='ltr'>Ecquid</span> <span class='ocrx_word' id='word_1_239' title='bbox 194 2731 316 2806; x_wconf 86' lang='lat' dir='ltr'>reperies</span> <span class='ocrx_word' id='word_1_240' title='bbox 335 2749 370 2786; x_wconf 88' lang='lat' dir='ltr'>ex</span> <span class='ocrx_word' id='word_1_241' title='bbox 389 2737 449 2786; x_wconf 85' lang='lat' dir='ltr'>tem</span> <span class='ocrx_word' id='word_1_242' title='bbox 471 2729 558 2805; x_wconf 90' lang='lat' dir='ltr'>longa</span> <span class='ocrx_word' id='word_1_243' title='bbox 577 2730 706 2786; x_wconf 81' lang='lat' dir='ltr'>oratione</span> <span class='ocrx_word' id='word_1_244' title='bbox 726 2748 799 2799; x_wconf 87' lang='lat' dir='ltr'>mea,</span> <span class='ocrx_word' id='word_1_245' title='bbox 812 2729 857 2785; x_wconf 93' lang='lat' dir='ltr'>oui</span> <span class='ocrx_word' id='word_1_246' title='bbox 874 2735 903 2784; x_wconf 86' lang='lat' dir='ltr'>te</span> 
     </span>
     <span class='ocr_line' id='line_1_34' title="bbox 64 2809 904 2886; baseline -0.004 -20"><span class='ocrx_word' id='word_1_247' title='bbox 64 2810 235 2886; x_wconf 80' lang='lat' dir='ltr'>respondere</span> <span class='ocrx_word' id='word_1_248' title='bbox 256 2829 339 2885; x_wconf 88' lang='lat' dir='ltr'>posse</span> <span class='ocrx_word' id='word_1_249' title='bbox 358 2809 504 2866; x_wconf 63' lang='lat' dir='ltr'>confidas?</span> <span class='ocrx_word' id='word_1_250' title='bbox 544 2809 603 2866; x_wconf 88' lang='lat' dir='ltr'>Sed</span> <span class='ocrx_word' id='word_1_251' title='bbox 618 2809 771 2885; x_wconf 87' lang='lat' dir='ltr'>praeterita</span> <span class='ocrx_word' id='word_1_252' title='bbox 790 2809 904 2865; x_wconf 88' lang='lat' dir='ltr'>omitta-</span> 
     </span>
     <span class='ocr_line' id='line_1_35' title="bbox 65 2889 902 2968; baseline -0.002 -24"><span class='ocrx_word' id='word_1_253' title='bbox 65 2909 137 2947; x_wconf 89' lang='lat' dir='ltr'>mus.</span> <span class='ocrx_word' id='word_1_254' title='bbox 168 2889 275 2968; x_wconf 73' lang='lat' dir='ltr'><strong>XLIV.</strong></span> <span class='ocrx_word' id='word_1_255' title='bbox 300 2896 364 2946; x_wconf 79' lang='lat'>112.</span> <span class='ocrx_word' id='word_1_256' title='bbox 378 2889 464 2946; x_wconf 91' lang='lat' dir='ltr'>Hunc</span> <span class='ocrx_word' id='word_1_257' title='bbox 475 2908 565 2945; x_wconf 86' lang='lat' dir='ltr'>unum</span> <span class='ocrx_word' id='word_1_258' title='bbox 575 2889 661 2959; x_wconf 82' lang='lat' dir='ltr'>dlem,</span> <span class='ocrx_word' id='word_1_259' title='bbox 669 2908 768 2958; x_wconf 87' lang='lat' dir='ltr'>unum,</span> <span class='ocrx_word' id='word_1_260' title='bbox 777 2889 902 2964; x_wconf 84' lang='lat' dir='ltr'>inquam,</span> 
     </span>
     <span class='ocr_line' id='line_1_36' title="bbox 66 2968 902 3046; baseline -0.002 -22"><span class='ocrx_word' id='word_1_261' title='bbox 66 2969 237 3026; x_wconf 92' lang='lat' dir='ltr'>hodiernum</span> <span class='ocrx_word' id='word_1_262' title='bbox 250 2969 337 3040; x_wconf 90' lang='lat' dir='ltr'>diem,</span> <span class='ocrx_word' id='word_1_263' title='bbox 347 2969 402 3026; x_wconf 89' lang='lat' dir='ltr'>hoc</span> <span class='ocrx_word' id='word_1_264' title='bbox 413 2977 553 3046; x_wconf 91' lang='lat' dir='ltr'>punctum</span> <span class='ocrx_word' id='word_1_265' title='bbox 567 2970 713 3044; x_wconf 87' lang='lat' dir='ltr'>temporis,</span> <span class='ocrx_word' id='word_1_266' title='bbox 724 2987 781 3044; x_wconf 92' lang='lat' dir='ltr'>quo</span> <span class='ocrx_word' id='word_1_267' title='bbox 792 2968 902 3043; x_wconf 89' lang='lat' dir='ltr'>loquor,</span> 
     </span>
     <span class='ocr_line' id='line_1_37' title="bbox 64 3049 903 3125; baseline -0.001 -21"><span class='ocrx_word' id='word_1_268' title='bbox 64 3049 198 3120; x_wconf 83' lang='lat' dir='ltr'>defende,</span> <span class='ocrx_word' id='word_1_269' title='bbox 211 3050 235 3105; x_wconf 90' lang='lat' dir='ltr'>si</span> <span class='ocrx_word' id='word_1_270' title='bbox 255 3057 346 3125; x_wconf 87' lang='lat' dir='ltr'>potes.</span> <span class='ocrx_word' id='word_1_271' title='bbox 388 3049 448 3106; x_wconf 89' lang='lat' dir='ltr'>Cur</span> <span class='ocrx_word' id='word_1_272' title='bbox 467 3056 642 3106; x_wconf 89' lang='lat' dir='ltr'>armatorum</span> <span class='ocrx_word' id='word_1_273' title='bbox 664 3067 770 3104; x_wconf 90' lang='lat' dir='ltr'>corona</span> <span class='ocrx_word' id='word_1_274' title='bbox 790 3055 903 3104; x_wconf 86' lang='lat' dir='ltr'>senatus</span> 
     </span>
     <span class='ocr_line' id='line_1_38' title="bbox 63 3127 926 3205; baseline -0.005 -21"><span class='ocrx_word' id='word_1_275' title='bbox 63 3136 181 3205; x_wconf 85' lang='lat' dir='ltr'>saeptus</span> <span class='ocrx_word' id='word_1_276' title='bbox 202 3131 263 3186; x_wconf 75' lang='lat' dir='ltr'>estl</span> <span class='ocrx_word' id='word_1_277' title='bbox 287 3148 338 3186; x_wconf 91' lang='lat' dir='ltr'>cur</span> <span class='ocrx_word' id='word_1_278' title='bbox 357 3148 404 3186; x_wconf 91' lang='lat' dir='ltr'>me</span> <span class='ocrx_word' id='word_1_279' title='bbox 425 3129 472 3186; x_wconf 88' lang='lat' dir='ltr'>tui</span> <span class='ocrx_word' id='word_1_280' title='bbox 491 3128 633 3186; x_wconf 81' lang='lat' dir='ltr'>satellites</span> <span class='ocrx_word' id='word_1_281' title='bbox 650 3146 724 3183; x_wconf 73' lang='lat' dir='ltr'>eum</span> <span class='ocrx_word' id='word_1_282' title='bbox 744 3127 857 3195; x_wconf 44' lang='lat' dir='ltr'>medus</span> <span class='ocrx_word' id='word_1_283' title='bbox 872 3139 926 3170; x_wconf 55' lang='lat' dir='ltr'>‘m-</span> 
     </span>
     <span class='ocr_line' id='line_1_39' title="bbox 57 3189 944 3279; baseline -0.016 -16"><span class='ocrx_word' id='word_1_284' title='bbox 57 3209 169 3266; x_wconf 73' lang='lat' dir='ltr'>dinnt?</span> <span class='ocrx_word' id='word_1_285' title='bbox 192 3229 244 3267; x_wconf 88' lang='lat' dir='ltr'>cur</span> <span class='ocrx_word' id='word_1_286' title='bbox 261 3210 361 3270; x_wconf 84' lang='lat' dir='ltr'>valvae</span> <span class='ocrx_word' id='word_1_287' title='bbox 378 3209 572 3270; x_wconf 79' lang='lat' dir='ltr'>Concordiae</span> <span class='ocrx_word' id='word_1_288' title='bbox 589 3224 658 3264; x_wconf 81' lang='lat' dir='ltr'>non</span> <span class='ocrx_word' id='word_1_289' title='bbox 673 3198 808 3279; x_wconf 41' lang='lat' dir='ltr'>patente</span> <span class='ocrx_word' id='word_1_290' title='bbox 827 3189 944 3244; x_wconf 47' lang='grc' dir='ltr'>ΜΨ</span> 
     </span>
    </p>
   </div>
   <div class='ocr_carea' id='block_1_3' title="bbox 0 0 1007 3480">
    <p class='ocr_par' dir='ltr' id='par_1_3' title="bbox 0 0 1007 3480">
     <span class='ocr_line' id='line_1_40' title="bbox 0 0 1007 3480; baseline 0 0"><span class='ocrx_word' id='word_1_291' title='bbox 0 0 1007 3480; x_wconf 95' lang='lat' dir='ltr'> </span> 
     </span>
    </p>
   </div>
  </div>
 </body>
</html>
