1988 3480
329 135 648 200 ⁴onr.1.‚11.‚er-r.
751 138 755 143 ·
891 142 925 189 61

82 243 173 301 166166
187 241 224 298 ad
239 242 365 318 quietem
378 241 471 312 datus,
484 259 542 298 non
557 241 680 318 denique
693 240 764 298 haec
781 241 862 299 sedes
875 241 925 300 116

82 324 160 381 66116
178 315 259 396 [solla
280 318 396 398 eurulis]
414 340 551 398 umquam
571 340 660 378 vacua
680 320 781 378 mortis
798 322 924 398 periculo

82 411 168 480 atque
185 402 297 463 insidiis
314 401 378 459 luit.
422 401 484 478 Ego
501 401 592 459 multa
605 401 690 472 tacui,
703 401 794 458 multa
810 403 923 478 pertuli,

82 484 175 541 multa
190 481 326 552 concessi,
338 480 429 538 multa
445 500 510 538 meo
528 481 652 557 quodam
670 481 768 538 dolore
786 482 816 537 16
831 491 924 540 vestro

81 565 186 620 timore
201 563 305 619 sanavi.
342 561 427 618 Nunc
441 561 464 617 si
475 560 551 618 hunc
566 561 675 618 exitum
690 561 853 618 consulatus
867 564 924 619 mei

82 644 113 700 di
136 643 312 700 immortales
333 660 393 698 esse
415 640 574 711 voluerunt,
595 647 628 697 ut
652 660 703 696 vos
726 640 924 717 populumque

82 723 245 780 Romanum
263 742 298 779 611
318 721 404 778 caede
424 720 591 791 miserrima,
607 720 743 796 coniuges
764 719 923 797 liberosque

81 810 190 861 vestros
202 803 382 879 virginesque
389 800 520 860 Vestales
531 820 565 857 611
574 799 757 857 acerbissima
765 800 922 871 vexatione,
986 829 988 833 ¹

81 883 190 960 templa
210 890 296 959 atque
317 881 442 952 delubra,
460 880 534 938 hanc
555 879 777 956 pulcherrimam
801 880 923 956 patriam

81 964 212 1019 onmium
229 970 360 1019 nostrum
381 981 415 1019 ex
431 959 600 1018 foedissima
620 959 743 1031 flamma,
759 966 852 1016 totam
869 959 924 1017 Ita

81 1043 149 1098 liam
164 1063 198 1099 ex
208 1042 284 1100 bello
298 1049 327 1099 et
338 1042 470 1099 vastitate
484 1040 631 1116 eriperem,
644 1059 839 1116 quaecumque
850 1040 923 1097 milri

80 1123 130 1178 nni
142 1129 319 1198 proponetur
328 1123 453 1192 fortuna,
466 1120 607 1177 subeatur.
640 1119 756 1176 Etenim
771 1120 794 1176 si
810 1119 842 1176 P.
853 1120 924 1177 Lon-

82 1202 158 1258 tulus
175 1222 258 1259 suum
276 1222 381 1259 nomen
398 1202 533 1258 inductus
547 1220 564 1257 a
578 1199 691 1257 vatibus
707 1200 794 1256 fatale
811 1200 848 1256 ad
862 1220 924 1276 per-

81 1282 185 1338 niciem
203 1283 243 1338 rei
261 1282 391 1358 publicae
408 1281 471 1337 fore
488 1281 608 1356 putavit,
622 1299 672 1336 cur
688 1299 742 1354 ego
760 1299 818 1335 non
837 1280 924 1336 laeter

81 1381 177 1418 meum
195 1362 373 1418 consulatum
391 1361 428 1417 ad
444 1361 564 1417 salutem
579 1359 679 1437 populi
694 1359 818 1415 Romani
832 1379 923 1436 prope

80 1441 198 1497 fatalem
213 1441 371 1497 exstitisse?
413 1440 450 1497 ll.
475 1447 500 1495 3.
516 1439 580 1507 Qua
596 1459 634 1511 re,
646 1446 741 1516 patres
758 1439 921 1514 conscripti,

81 1520 221 1576 consulite
230 1519 319 1590 vobis,
328 1520 482 1595 prospicite
491 1520 607 1595 patriae,
617 1525 780 1576 conservate
790 1538 848 1589 vos,
858 1538 923 1576 eon-

81 1600 170 1675 iuges,
191 1598 295 1656 liberos
322 1601 509 1675 fortunasque
537 1606 650 1668 vostras,
669 1598 771 1675 populi
798 1599 922 1656 Romani

81 1698 187 1735 nomen
202 1679 378 1755 salutemque
392 1679 555 1735 defendite:
576 1678 648 1734 milii
659 1697 774 1754 parcere
785 1697 817 1734 ac
828 1680 864 1736 do
876 1698 922 1736 me

80 1760 207 1836 cogitare
222 1759 351 1816 desinite.
395 1758 470 1814 Nam
485 1758 610 1834 primum
626 1758 717 1815 debeo
734 1778 846 1835 sperare
863 1778 922 1815 om·

80 1858 131 1896 nes
152 1839 228 1910 deos,
245 1838 294 1916 qui
311 1838 378 1895 huic
399 1837 463 1895 urbi
483 1838 655 1914 praesident,
671 1857 723 1914 pro
740 1859 775 1896 66
796 1837 868 1895 mihi
889 1858 922 1897 ac

80 1938 191 1977 mereor
206 1919 344 1976 relaturos
360 1938 420 1975 esse
436 1918 575 1994 gratiam:
598 1918 711 1990 deinde,
724 1919 748 1975 si
765 1918 922 1996 6611161111·-

80 2000 161 2075 gerit,
177 2018 268 2076 aequo
289 1999 385 2055 animo
404 2005 561 2075 paratoque
579 1999 692 2056 moriar.
735 1999 811 2055 Nam
828 2018 921 2076 neque

79 2080 172 2155 turpis
189 2099 265 2136 mors
282 2079 351 2136 forti
369 2079 430 2135 viro
447 2086 542 2155 potest
563 2079 690 2136 accidere
711 2098 803 2156 neque
823 2080 922 2136 imma-

59 2183 62 2189 ·
79 2166 144 2216 tura
163 2159 304 2216 consulari
325 2178 417 2235 neque
441 2159 545 2215 misera
566 2159 695 2235 sapienti.
739 2159 800 2217 Nec
824 2168 920 2216 tamen

80 2258 136 2314 ego
149 2259 214 2296 snm
229 2239 277 2296 ille
290 2239 406 2309 ferreus,
420 2239 469 2314 qui
483 2239 579 2295 fratris
593 2239 730 2295 carissimi
745 2247 774 2296 et
788 2240 922 2297 amantis

80 2319 146 2374 simi
163 2319 319 2394 praesentis
335 2337 462 2376 maerore
479 2338 537 2376 non
555 2338 670 2376 movear
684 2319 844 2396 hommque
862 2339 921 2375 om-

81 2397 161 2453 nium
185 2397 316 2469 lacrimis,
335 2417 352 2454 a
373 2398 478 2474 quibus
500 2418 547 2455 me
569 2399 786 2456 circumsessum
807 2399 919 2458 videtis

81 2477 181 2553 Neque
195 2498 288 2534 meam
302 2484 428 2535 mentem
440 2497 498 2534 non
510 2479 629 2535 domum
640 2497 724 2555 saepe
735 2485 847 2535 revocat
859 2497 920 2534 oxa

81 2557 189 2613 nimata
205 2577 276 2614 uxor
296 2565 325 2614 61
342 2558 452 2614 abiecta
467 2566 547 2615 metu
563 2557 622 2614 filia
638 2564 667 2614 et
683 2558 817 2634 parvulus
835 2557 919 2630 filine,

81 2656 167 2711 quem
178 2637 249 2693 mihi
260 2638 372 2694 videtur
386 2639 519 2714 amplecti
534 2657 577 2694 res
588 2637 704 2714 publiea
714 2645 860 2713 tamquam
872 2638 921 2694 ob·

81 2716 171 2771 sidem
182 2717 345 2774 consulatus
355 2719 421 2789 11161,
431 2737 523 2794 116666
534 2718 588 2789 1116,
600 2719 650 2794 qui
659 2725 824 2793 exspectans
835 2717 921 2775 huius

81 2795 190 2851 exitum
207 2796 264 2853 dici
281 2804 337 2854 stat
354 2799 384 2853 in
403 2805 558 2873 conspectu
575 2817 649 2869 mco,
665 2816 758 2873 gener.
801 2797 920 2855 Moveor

80 2875 126 2931 his
135 2875 218 2932 rebus
227 2877 366 2947 omnibus,
376 2877 426 2934 sed
434 2878 464 2933 in
474 2897 536 2934 eam
547 2885 667 2954 partem,
676 2877 718 2933 uti
730 2876 799 2934 salvi
808 2878 920 2934 sintve

80 2954 190 3012 biscum
206 2975 312 3027 omnes,
325 2957 410 3013 etiam
426 2957 450 3012 si
460 2977 506 3013 me
518 2958 560 3013 vis
574 2958 669 3033 aliqua
679 2958 862 3032 oppresserit,
870 2976 920 3028 po·
984 2995 985 2998 ,

81 3036 146 3105 tius,
158 3055 242 3112 quam
258 3043 286 3092 et
301 3035 342 3092 illi
357 3043 386 3094 et
399 3056 455 3093 nos
466 3057 530 3095 una
539 3038 586 3094 rei
592 3037 734 3113 6161111666
740 3040 833 3105 peste
842 3045 947 3098 qem-

75 3135 144 3171 mus.
185 3122 209 3174 4.
225 3117 290 3187 (lua
302 3139 343 3190 re,
352 3126 454 3198 patres
469 3108 833 3195 666661161611166611166
844 3095 994 3186 &wi

67 3202 125 3252 tem
139 3199 181 3256 rei
193 3201 348 3276 publicae,
360 3201 599 3280 circuirispieite
614 3211 732 3254 omues
741 3177 974 3262 61666Ἣῶκῷ
