1988 3480
246 120 248 123 ’
276 136 355 186 cnr.
372 137 541 200 runnu,
558 136 572 199 s
587 141 675 189 ae-as.
848 142 894 192 aar

57 235 237 299 morabilium
251 236 376 295 civium?
397 238 466 314 quid
480 239 580 316 populi
594 241 708 299 versusl
729 241 798 318 quid
813 241 898 300 Pom-

57 316 116 392 pcii
137 323 247 373 statuae
267 316 382 393 plausus
403 317 527 376 infinitis
552 320 621 396 quid
642 320 755 378 duobus
774 322 898 379 tribunis
942 326 947 332 '

57 395 158 472 plebis,
171 396 220 473 qui
239 396 321 453 vobis
341 397 543 455 adversantur?
563 419 701 475 parumne
721 400 791 457 haec
812 402 899 478 signi·

57 473 144 532 licant
169 476 374 534 incredibiliter
397 479 622 535 consentientem
648 479 748 556 populi
774 480 898 539 Romani

58 555 182 612 universi
211 555 405 614 voluntatem?
450 555 545 624 Quidl
586 556 794 634 Apollinarium
819 560 899 617 ludo·

57 653 120 690 rum
138 634 254 711 plausus
270 635 498 694 veltestimonia
514 637 610 713 potius
631 645 660 696 et
676 638 782 695 iudicia
798 639 898 716 populi

57 712 182 771 Romani
199 734 301 791 parum
317 735 423 793 magna
436 716 518 774 vobis
532 709 719 775 ¹ridebantur?
759 717 785 776 Ο
800 718 899 776 beatos

57 793 130 865 illos,
149 794 206 871 qui,
225 814 291 852 cum
315 795 414 853 adesse
437 796 508 873 ipsis
531 804 649 873 propter
673 797 732 853 vim
755 817 899 855 armorum

57 892 116 929 non
141 873 253 946 licebat,
273 875 392 932 aderant
415 882 511 932 tamen
536 883 565 933 et
589 877 619 933 in
642 876 774 934 medullis
798 877 899 955 populi

57 952 182 1010 Romani
201 973 233 1011 ac
250 954 405 1012 visceribus
423 954 592 1012 haerebant!
634 956 698 1013 Nisi
715 957 791 1015 forte
807 957 898 1016 Accio

57 1039 121 1089 tum
137 1033 236 1110 plaudi
257 1041 287 1092 et
307 1035 482 1111 sexagesimo
501 1042 569 1111 post
589 1054 664 1092 auno
683 1036 807 1113 palmam
828 1037 897 1110 dari,
926 1095 928 1099 ,

57 1131 116 1169 non
133 1112 225 1170 Bmto
242 1113 395 1190 putabatis,
408 1115 457 1192 qui
473 1115 548 1172 ludis
568 1116 626 1172 suis
644 1117 686 1173 ita
704 1118 803 1188 caruit,
816 1123 849 1174 ut
866 1117 898 1174 in

57 1191 107 1250 illo
128 1194 345 1270 apparatissimo
367 1194 528 1271 spectaculo
549 1194 677 1252 studium
697 1196 822 1273 populus
842 1196 899 1253 Ro-

56 1291 159 1330 manus
179 1273 318 1330 tribueret
338 1273 458 1344 absenti,
476 1273 648 1330 desiderium
670 1274 830 1332 liberatoris
854 1277 898 1333 sui

57 1360 198 1429 perpetuo
213 1351 314 1429 plausu
329 1360 358 1409 et
372 1352 495 1409 clamore
509 1352 617 1410 leniret.

99 1433 135 1488 37
139 1476 145 1488 .
158 1431 301 1508 Equidem
318 1432 342 1488 is
359 1450 431 1503 sum,
444 1433 493 1509 qui
504 1433 574 1489 istos
590 1433 714 1509 plausus
727 1453 792 1490 cnm
809 1455 900 1512 popu·

57 1510 163 1568 laribus
184 1510 294 1568 civibus
314 1510 513 1581 tribuerentur,
529 1531 641 1589 semper
661 1515 897 1590 contempserim:

57 1591 192 1668 idemque
207 1609 272 1647 cum
283 1609 300 1647 a
314 1591 441 1664 summisi,
452 1591 561 1662 mediis,
572 1591 686 1663 infimis
696 1612 762 1649 cum
777 1594 899 1671 denique

58 1671 94 1729 ab
112 1671 250 1728 universis
268 1670 324 1727 hoc
341 1670 418 1727 idem
437 1669 470 1728 fit
486 1690 608 1748 cumque
625 1672 655 1743 ii,
668 1672 717 1748 qui
734 1680 800 1730 ante
819 1675 899 1750 sequi

58 1750 159 1828 populi
181 1770 352 1808 consensum
378 1750 514 1822 solebant,
535 1751 660 1828 fugiunt,
681 1770 739 1808 non
761 1752 898 1830 ,plausum

58 1831 147 1902 illum,
164 1831 214 1888 sed
238 1831 377 1888 iudicium
401 1837 501 1907 puto·
524 1829 575 1888 Sin
597 1830 667 1889 haec
689 1831 795 1889 leviora
817 1832 899 1890 vobis

58 1911 198 1983 videntur,
212 1930 284 1989 quae
299 1918 366 1968 sunt
382 1909 557 1986 gravissima,
570 1931 640 1968 num
657 1912 744 1969 etiam
760 1912 816 1969 hoc
833 1929 899 1970 con-

57 1989 195 2064 temnitis,
214 1991 293 2069 quod
315 1990 442 2048 sensistis
466 1997 526 2047 tam
548 2010 641 2048 caram
665 1991 774 2068 populo
795 1992 899 2049 Roma·

57 2091 96 2130 no
115 2073 204 2131 vitam
223 2071 259 2130 A.
270 2071 360 2129 Hirtii
377 2070 485 2128 fuisset
526 2069 602 2128 Satis
623 2078 681 2128 erat
702 2072 780 2128 enim
797 2072 899 2148 proba·

57 2158 120 2209 tum
144 2153 225 2210 illum
246 2171 307 2209 esse
325 2150 434 2227 populo
454 2150 594 2221 Romano,
606 2159 640 2208 ut
660 2158 719 2208 est:
741 2151 898 2209 iucundum

58 2232 165 2303 amicis,
184 2233 214 2288 in
242 2250 299 2308 quo
327 2230 417 2287 vincit
445 2248 562 2287 omnes:
585 2249 682 2287 carum
710 2231 776 2301 suis,
795 2231 898 2308 quibus
966 2251 967 2254 ¹

42 2318 102 2368 est
157 2330 187 2368 se
211 2309 389 2376 carissimus:
419 2316 529 2367 tantam
553 2316 649 2366 tamen
675 2310 898 2367 sollicitudinem

59 2388 208 2461 bonorum,
226 2396 338 2447 tantum
363 2389 497 2447 timorem
519 2388 649 2445 omnium
670 2389 701 2445 in
723 2408 779 2465 quo
801 2390 899 2445 memi-

59 2470 170 2526 nimusl
206 2468 291 2526 Certe
308 2470 337 2525 in
355 2469 441 2527 nullo.
482 2475 527 2525 38.
544 2467 622 2537 Quid
639 2468 745 2544 igiturl
766 2467 822 2524 hoc
838 2488 896 2538 vos,

58 2568 110 2625 per
125 2549 194 2606 deos
211 2549 402 2607 immortales!
425 2548 507 2625 quale
525 2549 635 2605 sitnon
652 2547 898 2625 interpretamini?

59 2627 154 2697 Quid?
175 2649 224 2686 cos
241 2629 276 2686 de
293 2637 387 2686 vestra
402 2630 462 2686 vita
478 2629 603 2705 cogitare
620 2647 680 2685 non
697 2627 826 2698 censetis,
839 2628 899 2704 qui-

59 2704 112 2763 bus
135 2727 242 2780 eorum,
260 2728 332 2786 quos
355 2716 470 2786 sperant
491 2709 532 2765 rei
556 2708 687 2786 publicae
709 2707 897 2777 consulturos,

59 2787 118 2844 vita-
134 2796 193 2845 tam
211 2807 275 2845 cara
292 2789 348 2847 sitl

99 2867 171 2944 Cepi
188 2868 322 2939 fructum,
334 2875 429 2944 patres
449 2869 612 2946 conscripti,
625 2867 792 2925 reversionis
808 2885 897 2937 meae,

60 2949 196 3022 quoniam
221 2955 250 3004 et
272 2967 305 3004 ea
329 2948 397 3019 dixi,
413 2956 445 3005 ut
468 2948 641 3025 quicumque
664 2967 744 3004 casus
767 2966 899 3004 consecu-

59 3032 105 3083 tus
133 3036 214 3096 essct,
235 3034 358 3084 exstaret
385 3027 562 3085 constantiae
587 3046 665 3084 meae
689 3027 897 3096 testimonium,

59 3112 89 3163 et
105 3126 169 3162 sum
186 3126 202 3163 a
216 3106 297 3163 vobis
311 3106 433 3183 benigne
448 3127 481 3164 ac
499 3106 652 3184 diligenter
665 3106 798 3166 auditus.
823 3105 915 3188 (ζωὴ

56 3193 184 3256 potestas
198 3187 222 3244 si
237 3186 312 3245 mihi
326 3188 444 3270 saepius
457 3189 527 3246 sine·
537 3207 609 3245 mco
620 3191 789 3255 uestroque
797 3171 941 3251 seembs
