1988 3480
79 117 109 164 76
237 114 274 162 IN
293 114 322 163 L.
338 111 543 162 CATILINAM
560 110 695 162 elrarlo
711 110 761 162 IV.

78 212 211 269 omuilms
233 212 397 289 Pompeius,
412 213 493 269 cuius
514 231 558 269 ree
578 217 675 287 gestae
695 218 785 289 atquc
801 212 931 275 virtuter

78 292 178 350 iisdem
191 292 294 384 quibus
305 293 372 349 solis
383 312 480 350 cursus
490 292 656 363 reoiouibuu
669 310 701 349 ac
712 292 851 351 terruinia
861 313 930 353 con·

77 373 220 429 timetur:
243 373 296 429 erit
317 373 448 449 profecto
471 373 545 428 iuter
567 370 668 428 borum
691 371 791 429 laudes
812 373 929 453 aliquid

78 452 133 509 loci
154 459 220 510 nost
221 472 267 509 ιιιο
287 452 402 545 glorta
419 452 472 508 uiui
492 452 568 508 forte
589 452 682 508 maius
698 457 742 509 est
758 452 928 529 patefacere

78 532 160 588 nobis
174 533 335 609 provincius
349 552 406 609 quo
421 533 497 589 exire
511 531 661 608 possimus,
674 550 760 608 quam
775 550 880 592 curare
894 542 927 592 ut

78 613 162 669 etiarn
181 611 551 688 illi,qu1'abs11nt‚}ub<a11t
569 631 626 687 quo
641 611 763 668 victores
779 620 928 671 revertan-

77 699 131 750 tur.
175 699 220 749 22.
237 656 418 828 Quamquam
439 699 482 748 est
503 710 561 747 uno
579 691 642 747 loco
663 690 798 747 condicio
819 692 929 752 melior

77 780 182 829 exter-m
184 792 208 829 ιο
220 772 277 828 ιιοι
279 773 354 828 ιιιιιιο
369 790 455 848 quarn
470 770 650 841 domesticae,
662 770 730 862 quia
742 768 844 829 hostes
857 773 928 831 alie-

77 852 171 927 nigezu
172 872 197 908 ιο
208 859 258 909 aut
266 852 394 927 oppressi
406 851 533 908 serviunt
543 858 592 908 aut
603 850 727 927 recepti
719 869 750 906 ιιι
761 851 926 910 amicitiam

77 923 215 987 beiufieio
227 950 256 987 se
268 930 410 1003 elimatos
419 937 530 1008 putant,
541 931 590 1022 qui
601 938 697 988 autom
707 949 741 987 ex
751 949 878 989 numero
886 932 926 990 ei-

77 1011 164 1079 vium‚
174 1009 318 1067 dementia
331 1010 426 1088 aliqua
437 1010 698 1088 dcpravafthostesu
708 1010 818 1086 patriae
833 1012 925 1070 semel

77 1109 138 1147 esse
151 1096 305 1167 coeperunt
307 1134 313 1161 ,
324 1110 373 1148 eos
386 1110 452 1148 cum
463 1091 614 1167 apernieio
625 1109 665 1147 rer
657 1089 807 1167 publicae
817 1110 926 1169 reppu-

77 1169 149 1241 lerir,
158 1189 210 1228 uec
222 1171 249 1228 vi
258 1177 388 1228 eoe'reore
399 1190 450 1228 nec
459 1170 597 1227 beneficio
606 1171 716 1247 placare
725 1169 825 1246 poesia
858 1169 926 1240 Qua

77 1270 107 1308 ιο
123 1250 196 1308 mihi
212 1271 278 1308 eum
298 1251 419 1327 perditis
439 1249 549 1307 civibus
570 1258 716 1308 aeternum
734 1249 842 1307 bellum
863 1270 925 1310 sus-

78 1338 193 1408 ceptum
210 1351 270 1388 esse
281 1332 373 1388 video.
416 1331 451 1387 Id
465 1349 519 1405 ego
533 1335 627 1387 vestro
643 1329 844 1407 bonorumque
861 1350 924 1388 om-

78 1411 158 1468 nium
167 1411 272 1468 auxilio
282 1411 475 1487 memoriaque
486 1416 631 1467 tantorum
640 1409 841 1486 periculorum,
848 1430 923 1488 quae

78 1510 136 1548 non
150 1491 238 1548 modo
252 1492 282 1548 in
296 1490 541 1568 1100p0pu10,qui
555 1496 681 1547 servatus
695 1495 745 1561 est,
755 1489 805 1546 sed
818 1489 850 1547 in
861 1510 924 1548 om·

78 1572 158 1628 nium
175 1572 305 1648 gentium
323 1570 502 1628 sermonibus
517 1589 550 1627 ae
568 1569 713 1627 mentibus
729 1588 842 1646 semper
854 1569 923 1628 hae-

78 1652 160 1724 rebit,
173 1672 190 1708 a
203 1672 250 1709 me
263 1658 350 1728 atque
364 1671 381 1708 a
394 1650 466 1707 meis
480 1649 564 1707 facile
578 1649 739 1727 propulsari
754 1668 840 1726 poseo
853 1668 923 1708 eon·

78 1730 144 1788 fido.
187 1732 288 1808 Neque
302 1731 360 1787 ulla
375 1730 506 1807 profecto
522 1736 604 1787 tanta
617 1731 661 1787 vis
676 1729 833 1806 reperietur
847 1748 922 1809 quae

78 1811 309 1867 coniunctionem
326 1818 448 1866 vestram
469 1810 656 1888 equitumque
672 1809 870 1866 Romanorum
891 1816 922 1869 et

77 1895 188 1946 tantam
212 1888 453 1964 eonspirationem
475 1888 618 1947 bonorum
643 1889 773 1948 omnium
794 1888 923 1948 confrin-

78 1987 144 2046 gere
158 1974 188 2025 et
201 1967 371 2026 labefactare
384 1970 483 2046 possit.

118 2047 171 2105 XI.
208 2054 254 2105 23.
271 2047 351 2141 Quae
372 2069 437 2106 cum
453 2050 495 2108 ita
511 2051 570 2107 sint
570 2069 642 2127 ‚pro
660 2049 790 2125 imperi0,
803 2067 856 2126 pro
872 2068 922 2107 cx·

78 2128 176 2199 ercitu,
187 2147 239 2205 pro
250 2129 404 2205 provincia,
416 2150 501 2208 quam
515 2095 650 2267 neglexi,t
647 2149 700 2206 pro
714 2127 863 2205 triumpho
877 2148 923 2189 ee·

77 2209 201 2286 terisque
214 2208 306 2267 laudis
320 2210 569 2289 insignibuS‚q11ao
584 2217 650 2267 sunt
661 2229 738 2266 arne
748 2214 921 2286 propterur-

77 2288 122 2348 bis
136 2298 299 2367 vestraeque
314 2291 413 2349 salutis
428 2292 588 2350 custodiam
602 2290 759 2366 repudiata,
769 2308 822 2365 pro
836 2288 922 2347 elien·

76 2370 141 2428 telis
155 2371 344 2464 hospitiisque
360 2370 590 2449 provincialibus,
604 2389 676 2445 quae
689 2377 787 2427 tamen
804 2367 921 2426 urbanis

78 2452 181 2543 opibus
195 2471 254 2508 non
270 2453 381 2508 minore
397 2452 494 2508 labore
510 2456 593 2506 tueor
607 2468 693 2542 quam
710 2466 853 2526 comparo,
866 2467 920 2525 pro

78 2530 144 2587 his?
136 2533 226 2608 rgitur
237 2531 371 2589 omnibus
384 2530 469 2588 rebus
486 2535 514 2587 et
531 2548 583 2606 pro
598 2528 669 2586 meis
683 2530 713 2586 in
728 2549 780 2587 vos
797 2527 921 2606 singula·

78 2609 156 2666 ribus
177 2610 280 2668 studiis
300 2630 409 2688 proque
430 2611 491 2680 hae,
504 2628 589 2686 quam
611 2609 780 2701 perspicitis,
796 2609 834 2665 ad
854 2627 920 2665 oon·

79 2689 245 2745 servandam
259 2710 319 2748 rem
333 2690 477 2782 publicam
492 2689 621 2780 diligent
614 2708 642 2745 ra
601 2689 725 2746 tuihil
741 2687 892 2746 avobis
863 2685 919 2745 ursi

78 2767 163 2825 huius
179 2771 318 2846 temporis
335 2770 481 2861 totiusque
497 2769 554 2825 mei
571 2769 735 2826 consulatus
749 2768 919 2825 memoriam

78 2849 210 2924 postulo:
233 2868 305 2925 quae
322 2850 392 2906 dum
409 2849 463 2906 erit
479 2855 540 2905 vest
541 2848 579 2904 ris
598 2848 654 2905 fixa
673 2869 738 2906 men
740 2849 825 2919 tibae,
837 2847 920 2905 tutis-

79 2929 152 2984 simo
173 2949 219 2986 me
241 2949 323 2986 muro
347 2935 476 3004 saeptum
498 2947 558 2984 osso
579 2929 744 2986 arbitrabor
787 2927 917 2996 Quod·
895 2947 919 2984 ιι

78 3025 189 3063 meam
184 3029 264 3084 spem
274 3010 316 3066 iis
325 3007 561 3085 unproborum
532 3008 561 3065 f
556 3008 704 3067 felleritat
675 3016 761 3087 tque
772 3027 919 3085 superave-

79 3085 124 3154 rit,
131 3089 302 3144 commendo
310 3087 493 3145 vobrrmeum
501 3107 620 3165 parvum
628 3089 717 3147 filiurn
720 3089 918 3164 ‚cuiprofeeto
984 3121 989 3130 ·

79 3165 147 3223 satis
158 3165 212 3223 erit
222 3185 264 3241 pre
200 3167 356 3224 tresidii
368 3186 426 3223 non
438 3167 530 3225 solum
541 3169 578 3227 ad
590 3169 717 3239 salutem,
724 3185 821 3225 verum
831 3166 918 3224 otiam
