1988 3480
225 91 229 98 ’
256 121 336 172 cnr.
352 121 626 184 xxxm-xxxu,
643 121 763 182 §cera
885 125 938 183 ros,

89 233 175 304 atque
192 223 261 284 haec
275 224 390 283 anobis
403 231 507 302 petunt
523 225 628 297 omnia,
641 244 734 303 neque
750 225 808 283 ulla
820 244 851 283 re
868 225 932 299 alia,

89 325 162 384 quae
172 325 190 364 a
199 305 283 363 nobis
297 312 516 383 consequuntur,
526 305 582 362 nisi
593 324 680 383 opera
690 324 741 363 sua
754 307 932 383 compensari

89 406 129 464 pu
130 393 193 443 ιιιιι
207 404 297 462 posse.
337 384 364 442 It
352 391 438 463 taque
451 391 480 442 et
494 385 551 462 legi
565 384 676 456 Fabiae,
689 404 761 463 qnae
775 392 819 444 est
832 385 868 444 de
882 405 933 444 nu-

90 485 168 523 mero
193 471 374 536 sectatomm,
392 471 421 522 ιι
443 471 558 522 senatus
578 429 718 535 consulto,
736 464 816 543 quod
835 473 879 524 est
899 465 930 526 L

89 544 208 604 Caesare
221 544 338 602 consule
352 544 411 602 fact
399 551 471 615 ιιιιιι,
483 545 656 602 restitemnt.
636 544 785 602 tNulla
797 552 841 603 est
854 546 932 604 enim

89 644 183 703 poena
196 643 276 716 quae
296 624 388 701 possit
408 623 618 682 observantiam
637 625 802 682 tenuiomm
823 624 932 684 abhoc
984 622 987 627 ’

90 713 184 762 νιιιιι
194 705 329 762 instituto
344 703 503 762 officiorum
514 703 671 762 excludere.
709 704 754 764 72.
773 704 816 762 At
826 712 933 782 specta·

90 785 153 842 cula
167 791 234 842 sunt
248 783 379 841 tributim
393 783 460 842 data
473 791 503 841 et
516 783 554 842 ad
564 784 717 877 prandium
728 784 815 862 vulgo
828 785 930 843 vocati.

90 863 153 922 Etsi
167 865 222 922 hoc
239 864 299 922 fact
253 870 349 922 actum
366 883 384 922 a
399 863 519 922 Murena
535 865 663 936 omnino,
674 865 791 936 iudices,
803 883 862 922 non
878 871 930 936 est,

90 945 166 1001 ab'
143 964 204 1002 erus
220 944 319 1002 amicis
336 951 432 1002 autem
448 964 529 1002 more
548 951 577 1003 et
592 909 745 1003 modcfac
712 951 808 1002 actum
826 951 877 1016 est,
892 950 933 1002 ta·
951 1002 953 1005 .

89 1044 156 1082 men
175 1024 340 1082 admonitus
358 1044 387 1082 ιι
406 1024 469 1102 ipsa
486 1024 620 1083 recordor
637 1032 776 1103 quantum
794 1024 848 1082 hae
866 1043 933 1082 con·

18 1168 20 1173 ,
89 1106 253 1181 questiones
266 1105 297 1163 in
311 1111 412 1163 senatu
424 1105 539 1163 habitae
552 1111 726 1182 punctorum
740 1104 832 1177 nobis,
842 1103 930 1175 Servi,

88 1185 270 1243 detraxerint
312 1184 399 1254 Quod
415 1186 493 1243 enirn
506 1191 621 1262 tempus
634 1185 693 1243 fuit
706 1191 756 1242 aut
770 1192 867 1242 nostra
882 1191 933 1242 aut

89 1272 204 1342 patrum
223 1271 387 1323 nostrorum
405 1265 545 1322 memoria
563 1283 621 1342 quo
640 1264 718 1335 haec,
734 1265 793 1321 sive
811 1263 932 1321 ambitio

89 1352 133 1402 est
149 1344 384 1416 siveliberalitas,
396 1363 455 1401 non
469 1345 566 1415 fuerit,
578 1351 611 1402 ut
625 1343 704 1401 locus
721 1350 750 1400 ιι
764 1344 794 1400 in
811 1344 887 1400 circo
903 1350 933 1400 et

89 1425 119 1480 in
134 1425 198 1482 loro
214 1424 329 1482 daretur
341 1424 441 1481 amicis
455 1430 484 1481 et
497 1423 667 1481 tribulibus?
708 1423 788 1481 Haec
802 1422 933 1481 homines

90 1505 234 1561 tenuiores
254 1503 384 1560 nondum
405 1503 455 1580 qui
474 1522 509 1560 ea
530 1504 588 1560 suis
607 1501 760 1561 tribulibus
779 1509 873 1561 vetere
891 1502 933 1561 ιιι-

90 1584 193 1641 stitutc
207 1580 469 1661 adsequebantur*
483 1580 502 1616 ¹*
517 1580 535 1617 *

385 1661 472 1719 Deest
485 1681 541 1718 non
555 1662 638 1720 nibil.

91 1742 220 1800 XXXV.
264 1741 314 1802 73.⁴
333 1741 515 1800 Praelectum
535 1741 650 1799 fabrum
668 1742 756 1800 semel
773 1742 868 1800 locum
885 1743 934 1800 tri·

91 1822 206 1880 bulibus
223 1822 281 1880 suis
295 1821 424 1880 dedisse:
445 1822 517 1900 quid
531 1828 658 1880 statuent
671 1823 702 1880 in
716 1823 793 1880 viros
806 1822 933 1900 primari-

91 1903 195 1980 os„qui
211 1903 242 1959 in
258 1903 334 1960 circo
351 1908 428 1960 totas
443 1901 576 1959 tabernas
591 1902 741 1960 tribulium
756 1921 842 1960 causa
856 1921 933 1962 com·

90 1983 245 2060 pararuntl
286 1982 366 2040 Haec
384 1983 482 2039 omnia
500 1988 681 2054 sectatorum,
697 1983 931 2060 spectaculorum,

91 2063 277 2139 prandicmm
294 2062 364 2118 item
380 2062 502 2120 erimina
516 2081 535 2119 a
550 2061 738 2121 multitudine
753 2063 783 2120 in
797 2070 878 2120 tuam
892 2063 933 2119 ni·

91 2143 179 2199 miam
202 2142 390 2219 diligentiam,
407 2141 496 2213 Servi,
514 2143 645 2200 coniecta
667 2149 751 2200 sunt:
776 2143 806 2199 in
829 2142 933 2220 quibus

91 2228 187 2280 tamen
212 2221 331 2284 Murena
357 2220 394 2278 ab
419 2228 535 2279 senatus
560 2223 731 2280 anctoritate
757 2222 931 2280 defenditur.

91 2301 170 2370 Quid
189 2302 284 2359 enimi
324 2300 447 2358 Senatus
465 2321 535 2358 num
556 2302 671 2359 obviam
690 2302 805 2379 prodire
824 2303 932 2359 crimen
989 2321 991 2325 ’

92 2382 193 2458 putati
230 2381 306 2450 Non,
319 2380 369 2437 sed
384 2400 544 2439 unaonnn:
567 2382 711 2440 convince
754 2381 833 2439 Num
847 2389 934 2438 secta-

92 2460 258 2518 rimnltosl
299 2459 374 2531 Non,
390 2461 442 2518 sed
458 2479 653 2520 oounucros:
674 2461 754 2518 doce.
797 2461 875 2518 Num
894 2461 934 2517 lo·

92 2558 158 2596 cum
175 2540 212 2597 ad
226 2540 412 2616 spectandum
426 2541 494 2598 dare
510 2547 562 2598 aut
577 2541 614 2598 ad
628 2541 781 2617 prandium
795 2540 933 2598 invitarcl

93 2618 221 2690 Minime,
233 2619 284 2677 sed
297 2639 407 2678 runco.
443 2620 521 2689 Quid
535 2626 578 2677 est
593 2622 713 2678 vuncol
747 2621 859 2678 Passim
872 2620 934 2678 uni·

92 2717 195 2756 versos
237 2698 305 2756 Non
322 2700 418 2776 igitur,
433 2701 458 2757 si
475 2700 505 2758 L.
519 2700 616 2772 Natta,
630 2719 744 2756 summo
761 2699 824 2757 loco
841 2700 934 2758 adole·

92 2797 181 2848 scena,
194 2778 244 2855 qui
257 2785 287 2836 et
300 2798 358 2856 qno
374 2781 471 2837 animo
486 2781 544 2837 iam
560 2781 599 2838 sit
614 2787 644 2838 et
657 2779 749 2857 qualis
763 2780 806 2836 vir
819 2780 933 2838 futurus

92 2859 131 2915 sit
147 2858 285 2929 videmus,
300 2859 331 2916 in
350 2860 481 2937 equitum
501 2861 639 2919 centuriis
657 2859 749 2917 voluit
769 2879 829 2916 esse
849 2859 933 2917 etad

92 2937 148 2995 hoc
170 2937 295 2995 officium
316 2940 533 2998 necessitudinis
552 2947 583 2999 ιι
602 2940 640 2997 ad
660 2939 832 3031 reliquumt
834 2957 934 3017 empus

91 3017 241 3109 gratiosus,
254 3018 285 3075 id
299 3019 353 3076 erit
368 3019 429 3077 eius
443 3020 544 3078 vitrico
561 3020 657 3078 fraudi
672 3026 723 3077 ιιιι
739 3019 851 3076 crimini
853 3038 932 3091 ,nec,

92 3098 117 3154 si
135 3098 216 3174 virgo
233 3097 366 3170 Vestalis,
382 3098 467 3157 huius
485 3101 648 3179 propinqua
668 3107 697 3158 ιι
715 3099 880 3170 necessaria,
894 3099 935 3157 lo-

92 3196 158 3236 cum
170 3197 252 3235 suum
262 3178 466 3256 gladiatorium
481 3181 624 3241 concessit
630 3179 789 3251 buiunon
799 3176 959 3246 etms-sxa
