1988 3480
95 130 142 176 136
234 128 302 176 t’tto
319 128 349 176 Τ.
364 127 477 176 ANNIO
494 127 791 199 MILONEORATIO.

92 227 209 274 clariores
227 225 293 273 viros
313 239 392 288 aeque
414 225 549 274 sanctiores
567 226 705 288 propositos
725 240 779 274 esse
798 234 932 277 constaret.

94 293 156 339 Post
166 308 180 352 q
185 290 231 337 uod
243 293 328 338 statim
339 307 404 339 nova
415 291 468 351 lege
478 291 540 338 Milo
552 291 691 353 postulatus
701 301 739 340 cst
750 309 766 340 a
776 292 872 340 duobus
882 295 936 355 Ap-

93 357 175 419 piis
155 356 270 404 Claudiis
284 355 491 415 adolescentibus,
503 357 600 415 iisdem,
612 373 627 404 a
644 357 733 418 quibus
749 368 823 405 antea
840 359 937 406 familia

91 423 146 469 eius
156 421 236 468 fuerat
247 421 393 483 postulata,'
387 431 496 484 itemque
507 422 538 469 de
550 422 646 469 ambitu
656 424 689 469 ab
702 423 789 469 iisdem
801 424 899 484 Appiis,
911 433 937 472 et

94 500 123 550 pr
124 495 222 534 neterea
233 488 289 536 aC.
298 487 384 535 Cereio
397 488 463 535 etL.
473 487 615 546 Cornificio,
627 472 657 535 de
671 488 794 535 sodaliciis
808 505 824 535 u
837 490 866 537 P.
878 491 898 536 κ
900 490 937 536 ul

94 553 134 599 rio
153 553 253 601 Nerato.
289 552 434 600 Postulatus
454 562 538 600 antem
559 562 612 600 erat
628 563 653 600 et
669 553 700 600 de
718 554 841 601 sodaliciis
861 555 936 602 etde

93 618 189 666 ambitu
207 633 237 666 ea
254 633 304 680 spe,
316 618 382 680 quod
395 619 504 680 primum
518 619 636 666 iudicium
651 618 717 665 de
695 634 718 665 vr
733 619 842 666 laturum
860 635 936 680 appa-

94 683 172 743 rebat,
183 698 231 746 qno
242 698 299 731 eum
311 684 456 731 damnatum
469 684 498 731 iri
510 684 667 732 confidebant
679 698 724 730 uec
736 693 822 745 postca
834 698 936 746 respou-

94 764 187 797 surum.
225 749 355 796 Divinatio
373 749 404 796 de
421 750 516 797 ambitu
534 759 707 797 accusatorum
720 751 788 796 l'ncta
804 758 842 796 est
859 765 935 811 qnae-

93 815 170 862 sitore
187 814 220 862 A.
230 815 365 876 Torquato,
381 825 456 876 atque
476 815 550 862 ambo
570 814 730 876 quaesitores,
744 815 888 877 Torquatus
909 825 935 862 et

95 879 230 939 Domitius,
243 879 322 942 pridie
337 880 422 927 Nonas
436 880 515 942 Apn'l.
528 895 599 927 reum
613 880 700 928 adesse
713 880 846 929 iusserunt.
879 880 936 939 Quo

94 945 135 992 die
146 943 206 991 Milo
215 945 248 992 ad
257 944 362 992 Domitii
373 945 480 992 tribunal
492 945 566 1004 venit,
577 945 609 992 atl
617 946 738 1007 Torquati
747 945 840 993 amicos
850 946 932 993 misit:

94 1010 128 1056 ibi
143 1009 283 1071 postulante
297 1025 342 1071 pro
358 1025 387 1057 eo
403 1011 437 1057 M.
447 1010 568 1058 Marcello
581 1011 697 1070 obtinuit,
708 1025 739 1058 ne
752 1012 819 1072 prius
833 1026 935 1058 causam

95 1075 126 1123 de
146 1074 241 1122 ambitu
262 1074 355 1123 diceret
376 1090 450 1137 qnam
473 1076 504 1122 dc
521 1077 545 1123 ri
562 1076 682 1123 iudicium
703 1086 767 1124 essct
785 1077 930 1138 perlectum.

96 1140 171 1202 Apud
180 1140 322 1188 Domitium
334 1149 417 1188 autem
430 1140 594 1203 quaesitorem
607 1141 686 1188 maior
694 1142 793 1203 Appius
802 1142 936 1203 postularit

93 1221 111 1254 a
124 1205 219 1254 Milone
235 1220 318 1254 servos
333 1206 447 1254 exhiberi
460 1221 564 1255 numero
578 1206 626 1254 IV.
639 1216 664 1254 et
677 1207 718 1266 L.,
730 1215 755 1254 et
769 1222 826 1254 cum
840 1207 880 1253 ille
893 1221 936 1254 ne-

94 1281 166 1332 garet
179 1286 230 1331 eos,
242 1272 284 1334 qui
298 1273 491 1320 nominabantur
503 1273 529 1320 iu
544 1287 589 1320 sua
599 1280 723 1334 potestate
737 1286 797 1332 esse,
809 1271 935 1319 Domitius

95 1352 128 1385 ex
147 1338 271 1386 sententia
289 1336 399 1385 indicum
416 1337 592 1400 pronuntiavit,
608 1346 635 1385 ut
656 1352 688 1385 ex
706 1352 833 1385 servorum
850 1352 936 1384 eornm

95 1418 198 1450 numero
211 1440 217 1451 .
233 1440 239 1451 .
255 1440 261 1452 .
277 1412 406 1451 accusator
417 1413 477 1466 quot
488 1403 560 1452 vellet
572 1403 663 1452 ederet.
696 1403 772 1450 Citati
785 1401 874 1450 deinde
887 1412 936 1450 tes-

95 1479 131 1516 tes
144 1469 280 1517 secundum
289 1470 377 1529 legem,
386 1483 458 1531 quae,
466 1479 494 1516 ut
506 1468 703 1531 supradiximus,
711 1468 819 1525 iubebat,
827 1478 855 1514 ut
867 1467 936 1529 prins

95 1549 169 1597 quam
187 1550 262 1583 causa
283 1544 405 1594 ageretur
418 1543 494 1583 testes
513 1550 557 1597 per
575 1534 684 1581 triduum
702 1533 856 1591 audirentur,
868 1533 937 1580 dicta

94 1615 180 1648 eorum
189 1600 282 1649 iudices
295 1600 479 1661 confirmarent,
488 1610 579 1663 quarta
588 1600 628 1647 die
639 1599 725 1646 adesse
737 1613 822 1646 omnes
832 1599 856 1644 iu
869 1598 935 1645 diem

56 1672 222 1732 posterum
240 1667 389 1726 iuberentur,
404 1682 433 1714 ac
454 1681 537 1713 coram
555 1674 699 1712 accusatore
717 1679 746 1712 ac
764 1679 806 1711 reo
822 1663 916 1726 pilae,
909 1678 936 1710 ιιι

95 1733 185 1810 qbibas
203 1733 305 1780 nomina
317 1703 448 1778 tudic’um·
442 1731 561 1792 inscripta
574 1738 664 1789 essent,
676 1738 856 1805 aequartentur
877 1728 936 1776 dein

95 1792 179 1845 rulsus
193 1807 292 1858 postera
303 1796 344 1844 die
358 1796 454 1843 sortitio
467 1795 578 1842 iudicum
592 1795 669 1855 fieret,
680 1796 753 1843 unius
767 1803 792 1843 et
805 1794 932 1842 LXXX:

95 1864 138 1925 qni
150 1877 266 1909 numerus
277 1877 334 1909 cum
348 1870 413 1909 sorte
423 1860 557 1919 obtigisse,
568 1860 615 1922 ipsi
627 1876 655 1922 pr
656 1861 738 1908 otrnus
748 1875 842 1908 sessum
853 1860 933 1908 irent:

95 1937 149 1975 tum
166 1927 198 1973 ad
216 1927 348 1974 dicendum
366 1935 494 1972 accusator
511 1925 571 1972 duas
589 1924 670 1985 horas,
684 1940 742 1972 rens
759 1933 808 1972 tres
823 1925 934 1985 baberet,

96 2006 200 2067 reusque
217 1992 304 2038 eodem
320 1991 360 2038 die
373 1990 416 2038 illo
430 1990 588 2049 iudicaretur,
600 1991 667 2051 prins
684 2000 777 2050 antem,
790 2005 865 2052 quam
880 2005 936 2038 sen-

95 2057 189 2104 tcntiae
205 2055 334 2116 ferrentur,
345 2056 432 2118 quinos
446 2069 480 2103 ex
493 2055 595 2115 singulis
609 2055 736 2103 ordinibus
750 2063 886 2114 accusator,
897 2064 936 2102 to·

96 2121 174 2168 tidem
190 2135 246 2168 reus
263 2122 382 2181 reliceret,
393 2122 429 2168 ita
443 2128 470 2168 ut
483 2134 600 2168 numerus
616 2121 728 2168 iudicum
745 2121 933 2182 relinqueretur,

96 2186 139 2248 qui
152 2187 286 2233 sententias
297 2186 398 2247 ferrent,
409 2186 590 2250 quinquaginta
601 2195 626 2234 et
637 2201 709 2234 unus.

128 2251 216 2299 Primo
230 2251 270 2299 die
287 2250 359 2300 datus
376 2253 468 2300 eratin
483 2252 603 2299 Milonem
618 2252 689 2299 testis
703 2251 835 2300 Causinius
853 2250 934 2309 Scola,

96 2316 139 2379 qui
154 2332 180 2365 se
193 2332 249 2365 cum
262 2318 292 2366 Ρ.
300 2317 389 2366 Clodio
403 2318 486 2377 fuisse,
498 2333 554 2366 cum
566 2317 587 2364 is
599 2317 693 2364 occisus
705 2325 777 2376 esset,
787 2316 860 2375 dixit,
869 2325 937 2363 atro-

97 2383 260 2459 citatemque
268 2384 304 2431 tei
322 2383 403 2432 factae
420 2400 495 2446 qnam
516 2383 626 2431 maxime
643 2383 723 2443 potuit
739 2382 818 2429 auxit.
854 2352 937 2440 Quem

97 2463 153 2496 cnm
171 2449 323 2507 interwogare
337 2449 373 2496 M
382 2450 515 2497 Marcellus
531 2449 658 2523 coepisset,
669 2457 739 2494 tanto
755 2446 863 2495 tumultu
879 2445 937 2493 Clo

97 2514 186 2561 dianae
198 2513 364 2562 multitudinis
376 2514 558 2562 circumstantis
572 2513 706 2560 exterritus
720 2521 765 2571 est,
777 2521 804 2559 ut
815 2511 865 2558 vim
878 2510 937 2558 ulti·

97 2593 164 2626 mam
183 2579 272 2626 timens
290 2580 314 2626 in
333 2579 439 2627 tribunal
456 2580 507 2626 al)
509 2579 595 2626 omitio
613 2578 770 2639 reciperetur.
807 2577 889 2637 Quam
905 2577 938 2623 ob

98 2658 198 2690 causam
213 2644 345 2692 Marcellus
360 2645 447 2706 etipse
459 2644 522 2692 Milo
536 2660 551 2692 a
563 2644 675 2692 Domitio
689 2642 838 2705 praesidium
850 2641 938 2702 implo-

99 2717 221 2757 raverunt.
260 2709 367 2758 Sedebat
380 2724 409 2756 co
423 2717 533 2770 tempore
548 2709 593 2757 Cn.
605 2710 740 2771 Pompeius
756 2707 789 2755 ad
803 2707 935 2765 aerarium,

98 2775 304 2837 perturbatusque
313 2784 366 2822 crat
374 2774 461 2821 eodem
471 2775 513 2821 illo
523 2774 647 2822 clamore:
668 2776 752 2836 itaque
762 2773 873 2820 Domitio
882 2786 939 2832 pro.

99 2839 166 2885 misit
179 2854 204 2886 se
216 2850 314 2901 postero
326 2840 366 2886 die
380 2854 436 2886 cum
449 2839 573 2900 praesidio
587 2839 772 2899 descensurum,
784 2839 857 2900 idque
869 2837 935 2883 fecit.

99 2903 192 2963 Quare
204 2905 282 2952 territi
294 2905 407 2953 Clodiani
420 2903 517 2951 silentio
528 2904 603 2951 rerba
615 2906 713 2953 testium
725 2920 769 2967 per
781 2905 892 2951 biduum.
895 2917 939 2948 au

99 2968 147 3015 diri
161 2971 226 3031 passi
240 2979 304 3017 sunt.
342 2971 579 3043 Interrogaierunt
574 2983 615 3015 eos
630 2969 666 3017 M
677 2971 764 3018 Cicero
781 2982 806 3017 et
820 2969 857 3016 M.
869 2968 939 3014 Mar-

99 3034 175 3081 cellus
192 3045 217 3082 et
234 3035 320 3082 Milo
314 3050 373 3096 rpse
410 3033 486 3081 Multi
503 3049 535 3081 ex
552 3034 581 3079 iis
583 3035 644 3095 ,q'ni
662 3036 765 3083 Bovillis
782 3034 936 3092 habitabant,

99 3100 268 3147 testimouium
279 3101 396 3147 dixemnt
406 3099 464 3146 de'
448 3115 486 3159 ns,
495 3114 559 3160 quae
571 3071 604 3146 ibi
616 3100 682 3147 facta
695 3111 778 3147 eraut:
799 3114 939 3162 cauponem

91 3165 213 3225 oecis-um,
230 3165 359 3214 tabernam
378 3173 557 3228 expugnatam,
571 3179 660 3228 corpus
674 3165 779 3213 Clodii'
773 3181 799 3220 ru
813 3165 939 3227 publicum
