1988 3480
89 119 135 167 138
224 117 295 167 PRO
312 118 342 166 T.
357 115 473 166 ANNIO
492 115 631 166 MILONE
649 116 791 165 ORATIO.

87 219 212 266 solverunt
224 218 274 265 111.
310 216 467 264 Videbantur
480 231 529 263 non
542 216 669 276 ignorasse
681 216 774 264 iudices
786 217 863 264 inscio
877 218 926 264 Mi-

86 285 142 331 lone
156 282 226 329 iuitio
240 282 394 329 vulneratum
412 296 465 329 esse
479 281 602 340 Clodium,
613 281 656 328 sod
671 292 848 343 compererant,
859 293 926 345 post-

87 363 162 410 quam
177 347 319 394 vulneratus
332 356 404 406 esset,
417 347 485 394 iussu
498 346 599 394 Milonis
611 347 728 394 occisum.
760 348 870 395 Fuerunt
882 350 925 409 qui

87 413 215 460 crederent
232 412 268 459 M.
281 413 383 460 Catonis
404 412 527 460 sententia
543 426 600 459 eum
620 427 673 460 esse
691 412 845 459 absolutum:
865 428 925 461 nam

86 487 111 525 et
126 479 187 525 bene
201 493 258 525 cunr
272 477 407 538 republica
420 486 506 524 actum
519 493 571 525 esse
586 487 666 524 morte
680 478 709 524 P.
718 477 798 524 Clodii
811 493 860 524 non
874 478 925 524 dis-

86 543 252 602 simulaverat,
265 551 290 590 et
301 542 416 590 studebat
428 543 452 589 in
465 543 584 604 petitione
595 542 735 589 consulatus
747 543 835 589 Miloni
847 552 871 590 et
882 559 925 591 reo

86 608 207 656 adfuerat.
244 607 423 655 Nominaverat
437 622 535 669 quoque
552 623 609 654 eum
627 607 713 655 Cicero
729 618 882 668 praesentem
900 618 925 656 et

86 683 190 721 testatus
204 682 256 720 erat
271 673 369 720 audisse
382 689 397 720 a
411 673 448 720 M.
458 673 576 732 Favonio,
588 681 646 719 ante
658 673 723 720 diem
736 673 837 720 tertium
850 688 925 734 quam

86 738 173 786 caedes
188 739 255 785 facta
271 747 325 786 erat
339 738 456 785 Clodium
470 737 563 785 dixisse
579 738 714 798 periturum
731 752 785 786 esse
799 753 827 784 eo
842 738 925 786 triduo

86 804 215 851 Milonem.
252 803 301 852 Sed
318 803 420 850 Milonis
437 818 538 865 quoque
555 812 640 850 notam
658 803 787 850 audaciam
805 805 925 851 remorari

85 885 101 916 a
120 884 146 916 re
166 868 265 930 publica
286 868 345 915 utile
365 868 445 915 visum
463 879 514 916 est:
537 869 599 916 scire
616 879 698 915 tamen
716 883 789 915 nemo
807 884 925 929 umquam

86 934 174 996 potuit,
188 943 269 981 utram
290 932 439 980 sententium
457 933 567 980 tulisset:
588 933 733 980 damnatum
750 943 833 981 autem
851 949 925 995 opera

86 999 196 1046 maxime
209 999 284 1060 Appii
303 998 400 1046 Claudii
415 999 599 1060 pronuntiatum
617 1007 661 1047 est.
693 999 755 1045 Milo
771 1008 867 1059 postero
885 1000 926 1047 die

86 1064 165 1111 factus
180 1079 235 1112 reus
249 1063 357 1111 ambitus
370 1064 435 1126 apud
449 1064 572 1112 Manlium
584 1064 739 1124 Torquatum
753 1065 841 1111 absens
855 1064 925 1111 dam-

85 1140 159 1176 natus
173 1139 218 1177 est.
250 1129 298 1176 Illa
307 1144 403 1191 quoque
415 1129 468 1188 lege
479 1137 608 1176 accusator
619 1129 667 1175 fuit
678 1129 730 1176 eius
742 1129 838 1190 Appius
850 1129 925 1176 Clau·

86 1194 149 1254 dius,
164 1203 189 1241 et
206 1210 263 1242 cum
286 1194 309 1241 ci
327 1194 464 1256 praemium
479 1194 533 1252 lege
549 1193 656 1253 daretur,
671 1195 770 1253 negarit
788 1210 815 1241 se
831 1209 861 1242 eo
878 1195 922 1244 uti.

87 1260 288 1321 Subscripseruut
301 1267 327 1306 et
340 1259 365 1306 in
380 1259 488 1306 ambitus
501 1258 593 1306 iudicio
608 1259 636 1306 P.
642 1259 758 1306 Valerius
772 1260 823 1306 Leo
837 1270 862 1306 et
876 1260 922 1308 Cn.

86 1324 221 1385 Domitius,
232 1325 278 1373 Cn.
288 1325 317 1372 F.
349 1325 411 1372 Post
421 1339 512 1386 paucos
524 1324 576 1372 dics
589 1339 687 1386 quoque
697 1324 760 1370 Milo
772 1325 836 1385 apud
845 1325 924 1371 Paro

86 1390 156 1437 nium
171 1390 335 1452 quaesitorem
350 1389 381 1437 tle
399 1389 522 1437 sodaliciis
540 1389 671 1436 damnatus
688 1397 733 1449 est,
746 1398 878 1436 accusante
892 1391 922 1437 P.

86 1454 175 1503 Fulvio
187 1455 288 1514 Nerato,
300 1455 339 1502 cni
352 1455 405 1514 lege
417 1454 553 1516 praemium
565 1455 652 1502 datum
664 1465 709 1502 est.
747 1454 844 1502 Deinde
859 1455 923 1516 apud

86 1521 116 1568 L.
127 1520 233 1568 Fabium
250 1520 416 1582 quaesitorem
433 1520 522 1567 iterum
539 1521 627 1567 absens
642 1520 775 1567 damnatus
789 1529 826 1567 est
845 1520 921 1567 deri.

87 1585 222 1634 Accusavit
235 1586 264 1632 L.
276 1585 422 1633 Cornificius
436 1594 462 1632 et
475 1585 505 1644 Q.
517 1585 653 1632 Patulcius.
692 1585 753 1632 Milo
767 1585 792 1632 iu
810 1585 925 1632 exsilium

87 1651 152 1698 iutra
164 1651 323 1713 paucissimos
333 1651 384 1698 dies
393 1651 517 1712 proiectus
526 1661 570 1698 est.
600 1651 672 1698 Bona
682 1650 734 1698 eius
744 1660 843 1712 propter
852 1651 927 1698 alieni

87 1717 151 1764 aeris
166 1716 363 1776 magnitudinem
376 1716 512 1764 semiuncia
523 1716 659 1764 venierunt.

119 1783 181 1829 Post
195 1782 315 1829 Milonem
332 1782 420 1829 eadem
434 1781 488 1841 lege
502 1781 621 1844 Pompeia
635 1782 727 1843 primus
744 1790 781 1829 est
796 1790 926 1828 accusatus

86 1847 124 1895 M.
137 1847 257 1906 Saufeius,
271 1847 306 1894 M.
318 1847 358 1907 F,
371 1847 414 1908 qui
431 1847 486 1894 dux
502 1846 583 1895 fuerat
597 1847 620 1893 in
639 1846 807 1908 expugnanda
824 1847 927 1894 taberna

87 1912 191 1960 Bovillis
203 1921 228 1960 et
238 1912 326 1960 Clodio
338 1912 480 1960 occidendo.
510 1914 696 1960 Accusaverunt
708 1926 764 1960 eum
775 1912 805 1958 L.
814 1911 924 1972 Cassius,

85 1978 116 2024 L.
128 1977 261 2036 Fulcinius,
273 1977 301 2025 C.
313 1978 353 2037 F,
365 1978 393 2025 C.
402 1978 534 2025 Valerius:
554 1977 718 2025 defenderunt
733 1977 768 2024 M.
779 1976 873 2036 Cicero,
886 1977 923 2026 M.

87 2043 194 2101 Caelius,
205 2042 412 2104 obtinueruntque
424 2051 451 2090 nt
462 2059 511 2090 una
522 2043 643 2091 sententia
652 2041 826 2090 absolveretur.
859 2043 925 2090 Con·

87 2107 266 2155 damnaverunt
283 2116 408 2156 senatores
430 2109 474 2168 X.,
487 2109 644 2156 absolverant
656 2107 750 2155 Vlll.:
776 2107 927 2155 condemna-

87 2183 176 2220 verunt
190 2173 286 2235 equites
300 2174 408 2222 Romani
419 2174 478 2233 IX„
491 2174 647 2221 absolverunt
659 2173 736 2221 Vlll.
774 2173 822 2221 Sed
835 2188 869 2220 ex
882 2173 927 2220 tri—

88 2239 160 2286 bunis
176 2239 277 2286 aerariis
287 2239 319 2287 X.
330 2239 494 2298 absolverunt,
504 2240 549 2286 VI.
560 2238 746 2297 damnaverunt,
756 2237 927 2286 manifestum-

88 2319 136 2366 que
149 2305 232 2352 0dium
245 2305 325 2352 Clodii
336 2305 410 2352 saluti
420 2304 517 2353 Saufeio
526 2304 580 2364 fuit,
593 2319 648 2351 cum
661 2304 713 2350 eius
725 2303 763 2351 rel
772 2303 840 2365 peior
851 2319 927 2351 causa

88 2385 164 2432 quam
179 2370 280 2418 Milonis
296 2371 391 2430 fuisset,
404 2371 469 2432 qnod
483 2380 567 2431 aperte
584 2369 636 2416 dux
653 2369 734 2416 fuerat
747 2369 927 2430 expugnandae

88 2436 212 2484 tabernae.
240 2437 369 2499 Repetitus
378 2435 468 2484 deinde
477 2443 531 2496 post
541 2449 632 2496 paucos
643 2434 695 2481 dies
707 2434 771 2495 apud
780 2434 927 2482 Considium

88 2501 253 2562 quaesitorem
273 2511 310 2550 est
327 2501 381 2561 lege
397 2501 498 2548 Plautia
517 2499 549 2547 de
565 2500 597 2559 vi,
612 2499 790 2562 subscriptione
807 2514 844 2559 eu,
860 2499 927 2560 quod

88 2566 142 2613 loca
154 2565 277 2628 superiora
289 2575 432 2628 occupasset
443 2575 468 2613 et
479 2581 537 2612 curn
549 2564 598 2612 telo
609 2565 710 2612 fuisset:
731 2580 789 2611 nam
803 2601 808 2612 .
826 2601 831 2612 .
849 2601 854 2611 .
870 2579 927 2625 ope·

89 2646 171 2678 rurum
186 2631 294 2678 Milonis.
331 2634 518 2678 Accusaremnt
536 2631 564 2678 C.
575 2630 669 2689 Fidius,
685 2630 730 2678 Cn.
743 2629 863 2691 Aponius,
877 2632 924 2677 Cn.

88 2696 128 2755 F,
145 2697 179 2743 M.
191 2697 269 2756 Seius,
284 2700 341 2745 Sex.
350 2698 377 2743 F.
390 2714 396 2743 :
416 2696 579 2743 defenderunt
597 2697 632 2744 M.
644 2696 739 2755 Cicero,
750 2696 786 2742 M.
796 2695 927 2742 Terentius

88 2761 170 2808 Varro
183 2762 271 2809 Gibba.
305 2762 442 2808 Absolutus
454 2771 492 2808 est
504 2762 633 2809 sententiis
644 2761 740 2822 plenius
752 2775 827 2822 quam
840 2761 923 2820 prius:

89 2842 175 2883 grates
187 2827 273 2873 lrabnit
285 2827 369 2884 XIX,
381 2826 542 2873 absolutorias
556 2827 590 2874 ll.
601 2835 625 2873 et
638 2826 733 2886 XXX,
747 2826 789 2873 sed
801 2840 815 2873 e
829 2834 927 2872 contra-

89 2891 125 2937 riu
143 2892 188 2939 boc
204 2907 219 2938 a
234 2892 315 2953 priore
330 2891 421 2938 iudicio
437 2891 543 2938 accidit:
563 2892 657 2952 equites
674 2893 741 2938 enim
756 2907 785 2938 ac
801 2901 927 2938 senatores

89 2971 146 3003 cum
158 2957 321 3014 absolverunt,
335 2956 426 3003 tribuni
438 2957 526 3003 aerarii
539 2957 727 3004 damnauerunt.

122 3028 180 3070 Sex.
193 3031 276 3069 autem
289 3021 399 3080 Clodius,
412 3036 460 3082 quo
477 3030 578 3069 auctore
592 3036 679 3082 corpus
694 3021 774 3069 Clodii
789 3021 813 3068 iu
832 3021 927 3069 curiam

88 3087 184 3135 illatum
199 3087 252 3146 fuit,
264 3087 436 3133 accusantibus
450 3087 479 3134 C.
488 3087 626 3135 Caesennio
641 3087 753 3148 Philone,
767 3087 803 3134 M.
815 3087 924 3146 Aufidio,

78 3153 235 3200 ,detenderrte
247 3151 423 3214 'llFlacconiq
434 3167 525 3214 magno
539 3167 659 3202 consensu
671 3152 803 3201 damnatus
815 3163 860 3212 cst,
872 3167 927 3199 sen·
