1988 3480
71 114 119 161 268
149 112 186 161 IN
206 112 242 162 Μ.
257 112 448 163 AN‘l'ONlUM
466 112 601 164 ORATIO
617 112 834 163 PHILIPPICA
850 114 890 165 IL

70 214 148 271 niam
165 213 304 271 deducere
321 221 440 272 conatus
454 215 499 272 es!
534 213 627 284 Quem
644 215 681 273 ad
697 215 819 272 modum
839 216 921 274 illine

71 293 173 351 abieris
191 294 233 351 vel
256 295 354 372 potius
375 314 465 371 paene
486 315 544 351 non
567 295 669 352 abieris
692 296 807 353 scimus.
849 302 919 355 101.

71 373 125 430 Cui
141 381 172 430 tu
188 374 250 431 urbi
268 375 416 432 minitaris.
453 375 574 433 Utinam
590 395 700 446 conare,
712 383 745 432 ut
759 375 920 452 aliquando

71 453 142 510 illud
158 473 247 527 paene
268 455 399 513 tollatur!
438 455 480 512 At
501 474 586 532 quam
608 455 778 512 nobilis‘est
800 463 854 513 tua
870 457 921 513 illa

72 535 281 610 peregrinatio!
323 534 399 603 Quid
413 534 599 612 prandiorum
614 542 775 611 apparatus,
787 536 860 611 qnid
875 537 922 593 fu-

72 613 176 670 riosam
198 614 382 672 vinolentiam
407 624 486 672 tuam
509 615 672 691 proferarnl
709 613 772 671 Tua
793 615 852 672 ista
872 617 921 672 de-

71 694 209 751 trimenta
225 703 306 751 sunt:
329 694 377 751 illa
392 703 496 751 nostra.
532 694 645 771 Agrum
663 692 856 770 Campanum,
869 697 920 773 qui

72 793 138 830 eum
160 774 196 831 de
217 774 402 850 vectigalibus
423 773 608 845 eximebatur,
621 782 653 831 ut
674 773 819 830 militibus
841 774 921 831 dare-

72 861 127 922 tur,
143 860 240 910 tamen
262 853 354 930 intligi
377 873 514 931 magnum
536 855 576 911 rei
595 854 725 932 publicae
744 853 851 910 vulnus
868 874 921 932 pu·

73 933 213 1003 tabamus,
225 934 301 990 huno
312 941 344 990 tu
356 934 606 1011 compransoribus
617 935 674 991 tuis
686 940 715 991 et
726 932 920 991 collusoribus

73 1012 228 1070 dividebas.
271 1013 376 1070 Mimos
397 1013 462 1070 dieo
484 1022 512 1070 et
534 1015 644 1085 mimas,
657 1020 752 1090 patres
774 1015 920 1091 conscrip-

73 1093 104 1162 ti,
122 1093 151 1148 in
174 1111 242 1169 agro
260 1092 407 1170 Campano
432 1092 593 1151 collocatos.
634 1092 711 1161 Quid
733 1094 792 1149 iarn
817 1113 920 1170 querar

73 1171 109 1231 de
130 1191 199 1250 agro
217 1171 377 1230 Leontino?
399 1173 535 1250 quoniam
557 1173 673 1250 quidem
694 1172 748 1229 hae
768 1173 919 1250 quondam

74 1253 214 1311 arationes
225 1251 373 1329 Campana
386 1261 414 1310 et
426 1252 567 1310 Leontina
577 1254 607 1309 in
621 1252 722 1329 populi
732 1252 859 1310 Romani
870 1273 920 1330 pa-

73 1333 210 1390 trimonio
227 1333 406 1410 grandiferae
423 1340 452 1390 et
468 1333 631 1389 fructuosae
648 1331 822 1390 ferebantur.
860 1333 920 1390 Me

32 1410 33 1414 ’
73 1412 139 1469 dieo
151 1414 205 1469 tria
216 1413 294 1470 milia
305 1413 453 1488 iugerum:
476 1413 553 1489 quid,
567 1413 590 1468 si
601 1419 629 1469 te
644 1413 787 1468 sanasset?
808 1412 918 1470 rhetori

74 1492 141 1561 due,
154 1492 232 1568 quid,
245 1493 268 1549 si
285 1499 313 1550 te
331 1492 469 1549 disertum
490 1492 584 1548 facero
600 1491 762 1567 potuisset?
803 1491 864 1548 Sed
881 1493 919 1549 ad
959 1561 960 1564 Ἴ

74 1572 129 1629 iter
143 1570 312 1648 Italiamque
328 1572 484 1630 redeamus
527 1570 588 1627 XL.
620 1575 685 1626 102.
700 1569 858 1628 Deduxisti
873 1591 920 1628 co-

73 1651 180 1708 loniam
196 1650 361 1724 Casilinum,
375 1672 431 1729 quo
443 1652 546 1709 Caesar
559 1658 625 1707 ante
640 1650 804 1707 deduxerat.
843 1651 920 1708 Con·

74 1731 186 1789 suluisti
201 1750 247 1788 me
258 1751 310 1808 per
320 1732 427 1790 litteras
441 1733 477 1789 de
488 1731 587 1808 Capua
597 1738 629 1788 tu
641 1730 765 1807 quidem,
777 1730 918 1788 sedidem
951 1775 954 1780 .

74 1812 110 1869 de
119 1811 246 1868 Casilino
256 1812 481 1888 respondissem:
499 1830 641 1888 possesne,
651 1810 700 1867 ubi
710 1809 824 1867 colonia
833 1818 917 1882 esset,

74 1911 109 1948 eo
126 1891 269 1948 coloniam
286 1910 390 1947 novam
407 1892 467 1948 iure
484 1891 631 1948 deducere.
653 1937 655 1940 .
674 1890 786 1966 Negavi
803 1890 833 1946 in
853 1910 917 1947 eam

74 1970 225 2041 coloniam,
242 1989 314 2047 quae
336 1976 409 2026 esset
430 1971 576 2046 auspicato
600 1969 730 2040 deducta,
747 1969 816 2025 dum
843 1977 919 2027 esset

75 2049 234 2119 incolumis,
261 2049 402 2106 coloniam
430 2068 533 2105 novam
558 2050 619 2106 iure
647 2049 768 2106 deduei:
797 2049 919 2106 colonos

74 2147 164 2185 novos
181 2127 283 2185 ascribi
299 2147 384 2204 posse
401 2128 538 2204 rescripsi.
580 2129 625 2185 Tu
647 2135 742 2185 autem
762 2129 920 2186 insolentia

58 2208 165 2265 ‘elatus
182 2209 262 2265 omni
278 2208 471 2285 auspiciorum
489 2209 550 2265 iure
566 2209 681 2265 turbato
696 2208 857 2265 Casilinum
873 2229 919 2266 eo·

74 2288 182 2346 loniam
196 2289 348 2360 deduxisti,
360 2308 417 2366 quo
429 2294 488 2345 erat
499 2289 596 2365 paucis
610 2288 692 2344 annis
705 2294 771 2344 ante
783 2287 918 2359 deducta,

75 2376 107 2426 ut
117 2369 251 2427 vexillum
262 2369 383 2440 tolleres,
395 2376 428 2426 ut
439 2376 563 2426 aratrum
575 2367 817 2424 circumduceres:
835 2369 920 2425 errius
966 2401 973 2425 .-

75 2450 191 2525 quidem
209 2468 323 2506 vomere
339 2456 452 2526 portam
470 2448 585 2525 Capuae
602 2466 695 2523 paene
714 2447 918 2524 perstrinxisti,

75 2537 108 2585 ut
125 2527 253 2586 florentis
274 2528 401 2585 coloniae
422 2529 597 2585 territorium
619 2527 802 2584 minueretur.
849 2533 917 2585 103.

75 2607 123 2664 Ab
138 2608 190 2665 hac
205 2608 418 2685 perturbatione
433 2608 603 2684 religionum
620 2606 735 2664 advolas
752 2607 781 2662 in
797 2606 836 2664 M.
846 2607 920 2664 Var—

75 2688 161 2758 ronis,
174 2688 344 2745 sanctissimi
361 2687 638 2764 atqueintegerrimi
653 2687 714 2758 viri,
725 2685 848 2744 fundum
866 2687 920 2744 Ca-

76 2768 204 2825 sinatem.
242 2767 307 2836 Quo
322 2768 400 2825 iuret
422 2786 478 2843 quo
494 2769 560 2824 orel
597 2767 716 2837 Eodem,
726 2766 847 2842 inquies,
859 2787 919 2844 quo

76 2846 105 2902 in
127 2846 264 2904 heredum
286 2847 316 2903 L.
328 2847 438 2918 Rubrii,
455 2867 511 2923 quo
532 2847 562 2903 in
587 2846 725 2904 heredum
750 2846 781 2902 L.
794 2845 919 2903 Turselii

76 2927 198 3002 praedia,
212 2946 268 3002 quo
285 2928 315 2982 in
337 2927 461 3004 reliquas
476 2926 696 2983 innumerabiles
711 2926 918 3002 possessiones.

76 3005 114 3062 Et
136 3007 159 3062 si
180 3007 215 3062 ab
236 3007 327 3077 hasta,
340 3007 431 3064 valeat
451 3006 541 3075 hasta,
556 3006 669 3063 valeant
689 3006 810 3075 tabulae,
826 3006 920 3063 modo

76 3084 211 3155 Caesaris,
227 3105 285 3142 uon
307 3093 381 3156 tuae,
398 3085 500 3163 quibus
522 3085 655 3157 debuisti,
671 3105 729 3142 non
755 3084 859 3162 quibus
885 3092 920 3143 tu

72 3169 102 3219 te
118 3164 282 3223 liberavisti.
317 3165 457 3226 Varronis
477 3165 597 3239 uiridem
611 3165 778 3220 Casinatem
791 3164 924 3234 {undum
