1988 3480
93 117 144 163 2‘20
178 112 913 169 rxrr.aurearum01rartortt1L11’1’lcat
938 136 944 149 ·

94 236 159 273 eum
178 215 347 292 serpentia
367 214 464 271 urbem
486 213 632 273 infinitum
649 215 766 275 malum
784 218 878 298 idque
894 240 944 277 ura-

94 304 172 352 uaret
196 296 225 351 iu
243 296 304 351 dies
325 295 417 363 latius,
432 294 577 371 iidemque
592 293 715 353 bustum
739 298 771 355 in
789 299 860 357 foro
877 300 943 358 face

94 385 164 439 reat,
178 375 226 451 qui
246 375 322 431 illam
344 374 514 452 insepultam
536 373 716 451 sepulturam
739 377 943 451 effecerant,et

93 455 199 511 eotidie
225 455 317 529 turmis
342 455 489 531 satrapisque
513 454 619 531 perditi
644 453 786 514 homines
812 478 882 517 cum
905 460 943 517 sui

94 534 235 591 similibus
256 536 343 591 serris
359 534 443 592 tectis
463 553 496 591 ac
512 533 628 610 templis
649 533 733 592 urbis
755 537 941 610 minarentur,

94 616 158 672 talis
181 615 388 672 auiuuulrersio
409 615 467 671 fuit
487 612 653 671 Dolabellae
674 633 745 672 cum
769 617 800 675 in
827 620 943 677 audaces

94 696 300 772 sceleratosque
321 714 416 752 serres
432 703 494 751 tum
515 693 545 750 in
567 693 697 771 impuros
714 703 747 753 et
765 698 898 757 nefarios
917 699 943 756 li·

95 776 185 839 larus,
198 776 318 851 talisque
335 774 443 831 eversio
464 773 540 830 illius
556 781 717 831 exsecratae
736 776 904 849 columnae,
915 787 943 836 ut

95 856 164 910 milri
182 856 284 911 mimm
301 855 429 912 rideatur
442 861 503 911 tam
517 853 598 910 valde
614 852 762 931 reliquum
777 864 899 935 tempus
911 858 942 915 ab

95 934 143 989 illu
162 953 219 989 uuo
237 935 282 990 die
300 934 472 992 dissensisse.
512 938 538 990 6.
550 932 624 990 Ecce
641 933 718 991 enan
737 934 887 995 Kalendis
903 938 943 995 Ia-

94 1014 157 1075 uiis,
171 1013 274 1088 quitus·
292 1022 321 1069 ut
340 1013 502 1071 adessemus
523 1012 678 1083 edixerant,
694 1022 813 1074 mutata
830 1018 940 1075 omnia:

94 1092 164 1147 uilril
183 1112 234 1168 per
250 1093 492 1161 seruituru,1uulta
508 1099 537 1151 et
552 1111 658 1169 magna
677 1112 730 1170 per
751 1096 901 1173 populum
916 1105 942 1155 et

93 1171 210 1229 alseute
228 1172 336 1248 populo
353 1182 382 1229 et
399 1174 498 1230 inrito.
537 1171 676 1229 Consules
692 1172 845 1251 designati
862 1197 942 1254 nega-

94 1251 164 1309 baut
175 1274 204 1309 se
216 1252 318 1309 audere
333 1253 361 1309 iu
377 1260 506 1310 senatum
518 1251 630 1309 venire:
648 1252 759 1328 patriae
774 1254 941 1314 liberatores

94 1332 164 1389 urbe
185 1333 319 1390 carebaut
339 1352 379 1401 ea,
395 1334 475 1389 cuius
496 1353 513 1389 a
533 1331 689 1389 cervicibus
713 1332 819 1409 iugum
842 1337 941 1394 servile

94 1413 271 1470 deiecerant:
294 1433 366 1489 quos
380 1421 475 1469 tamen
491 1412 546 1489 ipsi
560 1411 691 1469 consules
705 1419 734 1470 et
751 1413 783 1470 in
799 1416 941 1474 contioni·

94 1492 148 1549 bus
169 1500 198 1550 et
219 1494 248 1549 iu
270 1493 349 1550 oumi
370 1511 499 1549 sermone
520 1490 683 1548 laudabant.
726 1491 871 1553 Veterani
894 1496 941 1573 qui

94 1573 318 1649 appellabantur,
335 1572 438 1649 quibus
459 1571 505 1628 hic
526 1571 597 1628 ordo
618 1570 842 1648 diligentissime
863 1595 942 1633 cave

94 1662 146 1721 rat,
160 1673 217 1709 uou
232 1653 269 1710 ad
282 1652 525 1710 conservationem
540 1670 635 1707 earum
651 1670 754 1720 rerum,
768 1667 842 1728 quas
856 1653 941 1713 habe

95 1731 172 1803 lamt,
185 1733 235 1790 sed
249 1733 286 1790 ad
303 1752 383 1809 spem
397 1751 535 1788 novarum
550 1730 718 1808 praedarum
733 1731 939 1792 incitabantur.

95 1814 174 1880 Quae
192 1832 256 1869 curu
274 1812 372 1869 audire
393 1811 506 1868 mallem
525 1830 609 1888 quam
627 1809 722 1867 videre
743 1810 941 1891 haberemque

94 1891 139 1947 ius
157 1892 307 1965 legationis
324 1890 498 1959 liberun1,ea
512 1898 608 1948 mente
622 1889 747 1961 discessi,
760 1897 793 1948 ut
807 1892 940 1951 adessem

95 1969 233 2027 Kalendis
244 1970 389 2040 larmariis,
399 1970 477 2046 quod
487 1970 602 2027 initium
614 1977 727 2027 senatus
737 1972 863 2047 cogerrdi
875 1973 940 2031 fore

96 2049 250 2106 videbatur.

137 2127 187 2184 ΙΙΙ.
212 2128 237 2185 7.
249 2127 385 2205 Exposui,
393 2135 488 2204 patres
499 2130 661 2206 conscripti,
669 2129 861 2206 profectionis
871 2151 941 2190 con·

95 2208 206 2265 silium:
229 2228 304 2266 nunc
319 2209 495 2279 reversionis,
508 2228 580 2286 quae
594 2209 658 2286 plus
672 2209 872 2269 admirationis
888 2210 941 2270 ha·

95 2288 151 2358 bet,
165 2288 287 2346 breviter
300 2309 449 2366 exponam.
486 2289 560 2346 Cum
575 2289 762 2346 Brundisium
779 2289 891 2367 iterque
906 2291 940 2348 il-

95 2369 153 2438 lud,
170 2370 247 2447 quod
270 2370 369 2427 tritum
394 2370 422 2425 iu
445 2369 593 2426 Graeciam
617 2377 667 2438 est,
686 2388 744 2425 uon
767 2369 828 2426 sine
851 2389 940 2429 causa

95 2450 266 2520 vitavissem,
280 2449 417 2507 Kalendis
434 2448 589 2506 Sextilibus
604 2449 668 2505 veui
683 2448 844 2524 Syracusas,
857 2451 940 2526 qued

95 2529 130 2585 ab
142 2550 175 2587 ea
186 2530 254 2586 urbe
265 2530 442 2587 transmissio
457 2531 486 2587 in
497 2529 644 2586 Graeciam
660 2527 843 2585 laudabatur:
863 2547 938 2606 quae

95 2615 191 2664 tamen
209 2609 275 2665 urbs
296 2609 367 2666 mibi
384 2609 617 2667 coniunctissima
633 2608 697 2685 plus
714 2627 771 2664 una
787 2627 833 2664 me
849 2616 938 2667 nocte

95 2688 213 2762 (eripiens
231 2690 350 2746 retinere
368 2709 425 2746 non
443 2691 546 2766 potuit.
583 2689 700 2746 Veritus
721 2707 784 2745 sum
800 2706 837 2744 ne
853 2706 938 2745 meus

96 2767 261 2842 repentinus
278 2769 314 2825 ad
328 2788 407 2825 meos
424 2769 595 2826 necessarios
612 2768 750 2825 adventus
767 2767 937 2843 suspitionis

96 2845 204 2922 aliquid
221 2847 353 2919 adferret,
367 2849 390 2904 si
407 2868 497 2905 essem
511 2854 712 2905 commoratus.
749 2847 822 2904 Cum
837 2854 935 2905 autem

96 2945 142 2982 me
160 2946 193 2981 ex
211 2926 308 2984 Sicilia
324 2928 361 2984 ad
378 2927 592 3004 Leucopetram,
606 2927 682 3003 quod
704 2935 747 2984 est
768 2937 937 3003 promuntu-

97 3004 170 3061 rium
187 3007 246 3080 agri
265 3006 377 3082 Regini,
391 3007 467 3063 venti
488 3006 664 3071 detulissent,
677 3007 712 3063 ab
730 3026 763 3063 co
785 3007 848 3064 loco
869 3026 936 3063 con-

98 3085 201 3155 seemli,
215 3093 246 3142 ut
260 3086 497 3143 transmitterem:
516 3105 567 3143 nec
583 3087 622 3143 ita
636 3086 757 3143 multum
774 3092 934 3163 provectus,

101 3164 217 3220 ‘ciectus
233 3172 328 3222 austro
346 3184 408 3221 sum
426 3165 454 3220 iu
470 3185 535 3222 otuu
552 3166 648 3233 iusum
664 3165 859 3227 loommuude
870 3184 936 3218 oon-
