<?xml version="1.0" encoding="UTF-8"?>
<!DOCTYPE html PUBLIC "-//W3C//DTD XHTML 1.0 Transitional//EN"
    "http://www.w3.org/TR/xhtml1/DTD/xhtml1-transitional.dtd">
<html xmlns="http://www.w3.org/1999/xhtml" xml:lang="en" lang="en">
 <head>
  <title>
</title>
<meta http-equiv="Content-Type" content="text/html;charset=utf-8" />
  <meta name='ocr-system' content='tesseract 3.04.00' />
  <meta name='ocr-capabilities' content='ocr_page ocr_carea ocr_par ocr_line ocrx_word'/>
</head>
<body>
  <div class='ocr_page' id='page_1' title='image "./mtulliiciceroni32cicegoog_0285.png"; bbox 0 0 1988 3480; ppageno 0'>
   <div class='ocr_carea' id='block_1_1' title="bbox 114 107 912 158">
    <p class='ocr_par' dir='ltr' id='par_1_1' title="bbox 114 107 912 158">
     <span class='ocr_line' id='line_1_1' title="bbox 114 107 912 158; baseline 0 -2"><span class='ocrx_word' id='word_1_1' title='bbox 114 110 211 157; x_wconf 86' lang='grc' dir='ltr'><strong>’01Ν</strong></span> <span class='ocrx_word' id='word_1_2' title='bbox 230 108 265 158; x_wconf 89' lang='grc' dir='ltr'><strong>Μ.</strong></span> <span class='ocrx_word' id='word_1_3' title='bbox 281 109 336 156; x_wconf 86' lang='lat' dir='ltr'><strong>AN</strong></span> <span class='ocrx_word' id='word_1_4' title='bbox 339 108 472 157; x_wconf 59' lang='lat' dir='ltr'><strong>[onitu</strong></span> <span class='ocrx_word' id='word_1_5' title='bbox 489 109 536 155; x_wconf 76' lang='lat' dir='ltr'><strong>ort</strong></span> <span class='ocrx_word' id='word_1_6' title='bbox 525 109 623 156; x_wconf 73' lang='lat' dir='ltr'><strong>LP&#39;llO</strong></span> <span class='ocrx_word' id='word_1_7' title='bbox 641 107 853 155; x_wconf 83' lang='lat' dir='ltr'>PHILIPPICA</span> <span class='ocrx_word' id='word_1_8' title='bbox 873 107 912 158; x_wconf 91' lang='lat'><strong>11.</strong></span> 
     </span>
    </p>
   </div>
   <div class='ocr_carea' id='block_1_2' title="bbox 93 112 943 1724">
    <p class='ocr_par' dir='ltr' id='par_1_2' title="bbox 93 112 943 1724">
     <span class='ocr_line' id='line_1_2' title="bbox 96 112 942 301; baseline 0.001 -36.058"><span class='ocrx_word' id='word_1_9' title='bbox 96 112 300 267; x_wconf 82' lang='lat' dir='ltr'><strong>elLaconem:</strong></span> <span class='ocrx_word' id='word_1_10' title='bbox 323 228 444 285; x_wconf 90' lang='lat' dir='ltr'><strong>quorum</strong></span> <span class='ocrx_word' id='word_1_11' title='bbox 461 207 532 264; x_wconf 90' lang='lat' dir='ltr'><strong>alter</strong></span> <span class='ocrx_word' id='word_1_12' title='bbox 548 207 709 283; x_wconf 82' lang='lat' dir='ltr'><strong>gladiorum</strong></span> <span class='ocrx_word' id='word_1_13' title='bbox 730 215 772 265; x_wconf 89' lang='lat' dir='ltr'><strong>est</strong></span> <span class='ocrx_word' id='word_1_14' title='bbox 791 208 942 301; x_wconf 80' lang='lat' dir='ltr'><strong>princeps,</strong></span> 
     </span>
     <span class='ocr_line' id='line_1_3' title="bbox 95 287 943 366; baseline 0.002 -20"><span class='ocrx_word' id='word_1_15' title='bbox 95 290 135 346; x_wconf 88' lang='lat' dir='ltr'><strong>alt</strong></span> <span class='ocrx_word' id='word_1_16' title='bbox 124 299 166 346; x_wconf 87' lang='lat' dir='ltr'><strong>t·e1</strong></span> <span class='ocrx_word' id='word_1_17' title='bbox 186 288 362 366; x_wconf 90' lang='lat' dir='ltr'><strong>poculorum.</strong></span> <span class='ocrx_word' id='word_1_18' title='bbox 407 288 473 345; x_wconf 85' lang='grc'><strong>107.</strong></span> <span class='ocrx_word' id='word_1_19' title='bbox 495 287 572 356; x_wconf 79' lang='lat' dir='ltr'><strong>Quid</strong></span> <span class='ocrx_word' id='word_1_20' title='bbox 590 307 643 364; x_wconf 89' lang='lat' dir='ltr'><strong>ego</strong></span> <span class='ocrx_word' id='word_1_21' title='bbox 661 288 722 345; x_wconf 93' lang='lat' dir='ltr'><strong>illas</strong></span> <span class='ocrx_word' id='word_1_22' title='bbox 738 288 820 344; x_wconf 87' lang='lat' dir='ltr'><strong>istius</strong></span> <span class='ocrx_word' id='word_1_23' title='bbox 842 290 943 348; x_wconf 89' lang='lat' dir='ltr'><strong>minas</strong></span> 
     </span>
     <span class='ocr_line' id='line_1_4' title="bbox 95 368 943 445; baseline 0.002 -20"><span class='ocrx_word' id='word_1_24' title='bbox 95 389 148 425; x_wconf 91' lang='lat' dir='ltr'><strong>con</strong></span> <span class='ocrx_word' id='word_1_25' title='bbox 151 368 338 445; x_wconf 86' lang='lat' dir='ltr'><strong>utrneliasquc</strong></span> <span class='ocrx_word' id='word_1_26' title='bbox 353 387 574 425; x_wconf 81' lang='lat' dir='ltr'><strong>commemorem</strong></span> <span class='ocrx_word' id='word_1_27' title='bbox 577 368 716 444; x_wconf 88' lang='lat' dir='ltr'><strong>,quibus</strong></span> <span class='ocrx_word' id='word_1_28' title='bbox 709 375 803 424; x_wconf 83' lang='lat' dir='ltr'><strong>invect</strong></span> <span class='ocrx_word' id='word_1_29' title='bbox 804 388 839 424; x_wconf 93' lang='lat' dir='ltr'><strong>us</strong></span> <span class='ocrx_word' id='word_1_30' title='bbox 851 370 917 426; x_wconf 89' lang='lat' dir='ltr'><strong>est</strong></span> <span class='ocrx_word' id='word_1_31' title='bbox 910 391 943 427; x_wconf 92' lang='lat' dir='ltr'><strong>m</strong></span> 
     </span>
     <span class='ocr_line' id='line_1_5' title="bbox 95 448 943 524; baseline 0.004 -19"><span class='ocrx_word' id='word_1_32' title='bbox 95 448 246 519; x_wconf 86' lang='lat' dir='ltr'><strong>Sidicinos,</strong></span> <span class='ocrx_word' id='word_1_33' title='bbox 263 449 375 505; x_wconf 86' lang='lat' dir='ltr'><strong>vexavit</strong></span> <span class='ocrx_word' id='word_1_34' title='bbox 399 448 456 504; x_wconf 90' lang='lat' dir='ltr'><strong>Put</strong></span> <span class='ocrx_word' id='word_1_35' title='bbox 445 448 581 518; x_wconf 90' lang='lat' dir='ltr'><strong>teolauos,</strong></span> <span class='ocrx_word' id='word_1_36' title='bbox 600 448 678 524; x_wconf 92' lang='lat' dir='ltr'><strong>quod</strong></span> <span class='ocrx_word' id='word_1_37' title='bbox 702 448 733 504; x_wconf 79' lang='grc' dir='ltr'><strong>Ο.</strong></span> <span class='ocrx_word' id='word_1_38' title='bbox 749 448 884 506; x_wconf 82' lang='lat' dir='ltr'><strong>Cassium</strong></span> <span class='ocrx_word' id='word_1_39' title='bbox 911 458 943 508; x_wconf 92' lang='lat' dir='ltr'><strong>ct</strong></span> 
     </span>
     <span class='ocr_line' id='line_1_6' title="bbox 95 528 941 606; baseline 0.002 -20"><span class='ocrx_word' id='word_1_40' title='bbox 95 528 202 586; x_wconf 81' lang='lat' dir='ltr'>Brutos</span> <span class='ocrx_word' id='word_1_41' title='bbox 212 536 348 606; x_wconf 87' lang='lat' dir='ltr'><strong>patronos</strong></span> <span class='ocrx_word' id='word_1_42' title='bbox 359 528 560 604; x_wconf 82' lang='lat' dir='ltr'><strong>adoptassentl</strong></span> <span class='ocrx_word' id='word_1_43' title='bbox 591 528 697 604; x_wconf 82' lang='lat' dir='ltr'><strong>Magno</strong></span> <span class='ocrx_word' id='word_1_44' title='bbox 709 528 825 605; x_wconf 90' lang='lat' dir='ltr'><strong>quidem</strong></span> <span class='ocrx_word' id='word_1_45' title='bbox 837 530 941 588; x_wconf 90' lang='lat' dir='ltr'><strong>studio</strong></span> 
     </span>
     <span class='ocr_line' id='line_1_7' title="bbox 94 607 940 682; baseline 0 -16"><span class='ocrx_word' id='word_1_46' title='bbox 94 608 210 679; x_wconf 90' lang='lat' dir='ltr'><strong>iudicio,</strong></span> <span class='ocrx_word' id='word_1_47' title='bbox 223 608 428 679; x_wconf 86' lang='lat' dir='ltr'><strong>benevolentia,</strong></span> <span class='ocrx_word' id='word_1_48' title='bbox 441 608 565 678; x_wconf 85' lang='lat' dir='ltr'><strong>caritate,</strong></span> <span class='ocrx_word' id='word_1_49' title='bbox 578 627 635 664; x_wconf 90' lang='lat' dir='ltr'><strong>non</strong></span> <span class='ocrx_word' id='word_1_50' title='bbox 653 616 685 664; x_wconf 89' lang='lat' dir='ltr'><strong>ut</strong></span> <span class='ocrx_word' id='word_1_51' title='bbox 702 617 730 665; x_wconf 90' lang='lat' dir='ltr'><strong>te</strong></span> <span class='ocrx_word' id='word_1_52' title='bbox 748 615 776 664; x_wconf 90' lang='lat' dir='ltr'><strong>ct</strong></span> <span class='ocrx_word' id='word_1_53' title='bbox 793 607 940 682; x_wconf 83' lang='lat' dir='ltr'><strong>Basilum,</strong></span> 
     </span>
     <span class='ocr_line' id='line_1_8' title="bbox 94 686 940 764; baseline 0.002 -19"><span class='ocrx_word' id='word_1_54' title='bbox 94 690 122 745; x_wconf 90' lang='lat' dir='ltr'><strong>vi</strong></span> <span class='ocrx_word' id='word_1_55' title='bbox 137 697 166 747; x_wconf 91' lang='lat' dir='ltr'><strong>ct</strong></span> <span class='ocrx_word' id='word_1_56' title='bbox 180 689 273 759; x_wconf 85' lang='lat' dir='ltr'><strong>armis,</strong></span> <span class='ocrx_word' id='word_1_57' title='bbox 283 696 312 746; x_wconf 89' lang='lat' dir='ltr'><strong>et</strong></span> <span class='ocrx_word' id='word_1_58' title='bbox 322 688 393 746; x_wconf 90' lang='lat' dir='ltr'><strong>alios</strong></span> <span class='ocrx_word' id='word_1_59' title='bbox 407 688 492 746; x_wconf 89' lang='lat' dir='ltr'><strong>vestri</strong></span> <span class='ocrx_word' id='word_1_60' title='bbox 506 687 619 758; x_wconf 69' lang='lat' dir='ltr'><strong>similes</strong></span> <span class='ocrx_word' id='word_1_61' title='bbox 631 707 702 764; x_wconf 88' lang='lat' dir='ltr'><strong>quos</strong></span> <span class='ocrx_word' id='word_1_62' title='bbox 716 686 833 744; x_wconf 89' lang='lat' dir='ltr'><strong>clientes</strong></span> <span class='ocrx_word' id='word_1_63' title='bbox 848 707 940 747; x_wconf 85' lang='lat' dir='ltr'><strong>nemo</strong></span> 
     </span>
     <span class='ocr_line' id='line_1_9' title="bbox 93 767 938 840; baseline 0 -15"><span class='ocrx_word' id='word_1_64' title='bbox 93 767 197 827; x_wconf 90' lang='lat' dir='ltr'><strong>habere</strong></span> <span class='ocrx_word' id='word_1_65' title='bbox 214 769 291 840; x_wconf 90' lang='lat' dir='ltr'><strong>velit,</strong></span> <span class='ocrx_word' id='word_1_66' title='bbox 271 777 362 826; x_wconf 91' lang='lat' dir='ltr'><strong>tnon</strong></span> <span class='ocrx_word' id='word_1_67' title='bbox 379 769 467 825; x_wconf 91' lang='lat' dir='ltr'><strong>modo</strong></span> <span class='ocrx_word' id='word_1_68' title='bbox 488 767 601 824; x_wconf 90' lang='lat' dir='ltr'><strong>illorum</strong></span> <span class='ocrx_word' id='word_1_69' title='bbox 623 767 710 824; x_wconf 89' lang='lat' dir='ltr'><strong>cliens</strong></span> <span class='ocrx_word' id='word_1_70' title='bbox 727 786 794 824; x_wconf 89' lang='lat' dir='ltr'><strong>esse.</strong></span> <span class='ocrx_word' id='word_1_71' title='bbox 838 767 938 827; x_wconf 91' lang='lat' dir='ltr'>XLII.</span> 
     </span>
     <span class='ocr_line' id='line_1_10' title="bbox 94 813 938 939; baseline 0.002 -35"><span class='ocrx_word' id='word_1_72' title='bbox 94 848 158 906; x_wconf 90' lang='lat' dir='ltr'><strong>Int</strong></span> <span class='ocrx_word' id='word_1_73' title='bbox 130 856 207 906; x_wconf 90' lang='lat' dir='ltr'><strong>terea</strong></span> <span class='ocrx_word' id='word_1_74' title='bbox 223 813 292 906; x_wconf 83' lang='lat' dir='ltr'><strong>duni</strong></span> <span class='ocrx_word' id='word_1_75' title='bbox 309 856 342 906; x_wconf 88' lang='lat' dir='ltr'><strong>tu</strong></span> <span class='ocrx_word' id='word_1_76' title='bbox 363 847 430 905; x_wconf 89' lang='lat' dir='ltr'><strong>abes</strong></span> <span class='ocrx_word' id='word_1_77' title='bbox 432 848 500 924; x_wconf 87' lang='lat' dir='ltr'><strong>,qui</strong></span> <span class='ocrx_word' id='word_1_78' title='bbox 517 847 578 904; x_wconf 89' lang='lat' dir='ltr'><strong>dies</strong></span> <span class='ocrx_word' id='word_1_79' title='bbox 595 847 642 904; x_wconf 92' lang='lat' dir='ltr'><strong>illc</strong></span> <span class='ocrx_word' id='word_1_80' title='bbox 663 847 788 939; x_wconf 76' lang='lat' dir='ltr'>collegae</span> <span class='ocrx_word' id='word_1_81' title='bbox 805 848 850 904; x_wconf 89' lang='lat' dir='ltr'><strong>tui</strong></span> <span class='ocrx_word' id='word_1_82' title='bbox 868 848 938 921; x_wconf 86' lang='lat' dir='ltr'><strong>fuit,</strong></span> 
     </span>
     <span class='ocr_line' id='line_1_11' title="bbox 93 927 940 1010; baseline 0.002 -25"><span class='ocrx_word' id='word_1_83' title='bbox 93 948 158 985; x_wconf 91' lang='lat' dir='ltr'><strong>curn</strong></span> <span class='ocrx_word' id='word_1_84' title='bbox 174 928 243 986; x_wconf 92' lang='lat' dir='ltr'><strong>illud</strong></span> <span class='ocrx_word' id='word_1_85' title='bbox 246 928 339 1010; x_wconf 87' lang='lat' dir='ltr'><strong>,quod</strong></span> <span class='ocrx_word' id='word_1_86' title='bbox 351 947 476 984; x_wconf 82' lang='lat' dir='ltr'><strong>venerari</strong></span> <span class='ocrx_word' id='word_1_87' title='bbox 468 927 605 997; x_wconf 70' lang='lat' dir='ltr'><strong>solebas</strong></span> <span class='ocrx_word' id='word_1_88' title='bbox 614 927 679 984; x_wconf 90' lang='lat' dir='ltr'><strong>bust</strong></span> <span class='ocrx_word' id='word_1_89' title='bbox 667 935 729 984; x_wconf 91' lang='lat' dir='ltr'><strong>tum</strong></span> <span class='ocrx_word' id='word_1_90' title='bbox 740 928 770 983; x_wconf 91' lang='lat' dir='ltr'><strong>in</strong></span> <span class='ocrx_word' id='word_1_91' title='bbox 781 927 847 984; x_wconf 90' lang='lat' dir='ltr'><strong>foro</strong></span> <span class='ocrx_word' id='word_1_92' title='bbox 860 948 940 987; x_wconf 89' lang='lat' dir='ltr'><strong>ever-</strong></span> 
     </span>
     <span class='ocr_line' id='line_1_12' title="bbox 119 994 937 1081; baseline 0.001 -16.098"><span class='ocrx_word' id='word_1_93' title='bbox 119 994 267 1076; x_wconf 79' lang='lat' dir='ltr'><strong>tlQua</strong></span> <span class='ocrx_word' id='word_1_94' title='bbox 274 1027 304 1065; x_wconf 92' lang='lat' dir='ltr'><strong>re</strong></span> <span class='ocrx_word' id='word_1_95' title='bbox 325 1007 379 1064; x_wconf 88' lang='lat' dir='ltr'><strong>tibi</strong></span> <span class='ocrx_word' id='word_1_96' title='bbox 400 1014 472 1064; x_wconf 90' lang='lat' dir='ltr'><strong>nunt</strong></span> <span class='ocrx_word' id='word_1_97' title='bbox 474 1007 539 1076; x_wconf 74' lang='lat' dir='ltr'><strong>iata</strong></span> <span class='ocrx_word' id='word_1_98' title='bbox 554 1014 587 1064; x_wconf 88' lang='lat' dir='ltr'><strong>ut</strong></span> <span class='ocrx_word' id='word_1_99' title='bbox 607 1015 689 1064; x_wconf 89' lang='lat' dir='ltr'><strong>const</strong></span> <span class='ocrx_word' id='word_1_100' title='bbox 677 1007 757 1064; x_wconf 86' lang='lat' dir='ltr'><strong>tabat</strong></span> <span class='ocrx_word' id='word_1_101' title='bbox 778 1007 855 1064; x_wconf 88' lang='lat' dir='ltr'><strong>inter</strong></span> <span class='ocrx_word' id='word_1_102' title='bbox 877 1028 937 1081; x_wconf 92' lang='lat' dir='ltr'><strong>eos,</strong></span> 
     </span>
     <span class='ocr_line' id='line_1_13' title="bbox 93 1015 939 1166; baseline 0.002 -22.002"><span class='ocrx_word' id='word_1_103' title='bbox 93 1015 148 1166; x_wconf 67' lang='lat' dir='ltr'><strong>qlui</strong></span> <span class='ocrx_word' id='word_1_104' title='bbox 166 1107 223 1145; x_wconf 86' lang='lat' dir='ltr'><strong>una</strong></span> <span class='ocrx_word' id='word_1_105' title='bbox 242 1088 368 1160; x_wconf 85' lang='lat' dir='ltr'><strong>fuerunt,</strong></span> <span class='ocrx_word' id='word_1_106' title='bbox 386 1086 545 1144; x_wconf 88' lang='lat' dir='ltr'><strong>concidisti.</strong></span> <span class='ocrx_word' id='word_1_107' title='bbox 588 1087 665 1155; x_wconf 80' lang='lat' dir='ltr'><strong>Quid</strong></span> <span class='ocrx_word' id='word_1_108' title='bbox 687 1088 812 1145; x_wconf 77' lang='lat' dir='ltr'><strong>evenerit</strong></span> <span class='ocrx_word' id='word_1_109' title='bbox 833 1096 903 1164; x_wconf 89' lang='lat' dir='ltr'><strong>post</strong></span> <span class='ocrx_word' id='word_1_110' title='bbox 904 1109 939 1147; x_wconf 86' lang='lat' dir='ltr'><strong>ea</strong></span> 
     </span>
     <span class='ocr_line' id='line_1_14' title="bbox 93 1166 937 1245; baseline 0.002 -21"><span class='ocrx_word' id='word_1_111' title='bbox 93 1168 196 1226; x_wconf 89' lang='lat' dir='ltr'><strong>nescio.</strong></span> <span class='ocrx_word' id='word_1_112' title='bbox 239 1168 349 1226; x_wconf 86' lang='lat' dir='ltr'><strong>Mettum</strong></span> <span class='ocrx_word' id='word_1_113' title='bbox 366 1167 451 1225; x_wconf 88' lang='lat' dir='ltr'><strong>credo</strong></span> <span class='ocrx_word' id='word_1_114' title='bbox 473 1166 591 1224; x_wconf 87' lang='lat' dir='ltr'><strong>valuisse</strong></span> <span class='ocrx_word' id='word_1_115' title='bbox 612 1176 641 1224; x_wconf 90' lang='lat' dir='ltr'><strong>et</strong></span> <span class='ocrx_word' id='word_1_116' title='bbox 657 1187 742 1224; x_wconf 90' lang='lat' dir='ltr'><strong>arma.</strong></span> <span class='ocrx_word' id='word_1_117' title='bbox 784 1167 937 1245; x_wconf 88' lang='lat' dir='ltr'><strong>Collegam</strong></span> 
     </span>
     <span class='ocr_line' id='line_1_15' title="bbox 93 1247 939 1326; baseline 0.002 -22"><span class='ocrx_word' id='word_1_118' title='bbox 93 1248 208 1324; x_wconf 90' lang='lat' dir='ltr'><strong>quidem</strong></span> <span class='ocrx_word' id='word_1_119' title='bbox 227 1248 263 1306; x_wconf 91' lang='lat' dir='ltr'><strong>de</strong></span> <span class='ocrx_word' id='word_1_120' title='bbox 279 1247 358 1307; x_wconf 89' lang='lat' dir='ltr'><strong>caelo</strong></span> <span class='ocrx_word' id='word_1_121' title='bbox 379 1247 527 1305; x_wconf 84' lang='lat' dir='ltr'><strong>detraxisti</strong></span> <span class='ocrx_word' id='word_1_122' title='bbox 544 1247 720 1324; x_wconf 80' lang='lat' dir='ltr'><strong>effecistique</strong></span> <span class='ocrx_word' id='word_1_123' title='bbox 741 1266 799 1305; x_wconf 92' lang='lat' dir='ltr'><strong>non</strong></span> <span class='ocrx_word' id='word_1_124' title='bbox 820 1255 854 1304; x_wconf 93' lang='lat' dir='ltr'><strong>tu</strong></span> <span class='ocrx_word' id='word_1_125' title='bbox 876 1249 939 1326; x_wconf 90' lang='lat' dir='ltr'><strong>qni-</strong></span> 
     </span>
     <span class='ocr_line' id='line_1_16' title="bbox 93 1327 938 1398; baseline 0.002 -14"><span class='ocrx_word' id='word_1_126' title='bbox 93 1328 159 1384; x_wconf 90' lang='lat' dir='ltr'><strong>dem</strong></span> <span class='ocrx_word' id='word_1_127' title='bbox 174 1329 261 1386; x_wconf 88' lang='lat' dir='ltr'><strong>etiam</strong></span> <span class='ocrx_word' id='word_1_128' title='bbox 275 1348 351 1386; x_wconf 92' lang='lat' dir='ltr'><strong>nunc</strong></span> <span class='ocrx_word' id='word_1_129' title='bbox 365 1336 398 1386; x_wconf 93' lang='grc' dir='ltr'><strong>ιιι</strong></span> <span class='ocrx_word' id='word_1_130' title='bbox 412 1327 513 1386; x_wconf 91' lang='lat' dir='ltr'><strong>similis</strong></span> <span class='ocrx_word' id='word_1_131' title='bbox 527 1328 579 1398; x_wconf 92' lang='lat' dir='ltr'><strong>tui,</strong></span> <span class='ocrx_word' id='word_1_132' title='bbox 590 1327 640 1384; x_wconf 90' lang='lat' dir='ltr'><strong>scd</strong></span> <span class='ocrx_word' id='word_1_133' title='bbox 654 1334 729 1385; x_wconf 87' lang='lat' dir='ltr'><strong>certe</strong></span> <span class='ocrx_word' id='word_1_134' title='bbox 744 1336 776 1384; x_wconf 90' lang='lat' dir='ltr'><strong>ut</strong></span> <span class='ocrx_word' id='word_1_135' title='bbox 786 1327 938 1386; x_wconf 89' lang='lat' dir='ltr'><strong>dissimilis</strong></span> 
     </span>
     <span class='ocr_line' id='line_1_17' title="bbox 93 1409 232 1466; baseline 0.007 -1"><span class='ocrx_word' id='word_1_136' title='bbox 93 1415 167 1465; x_wconf 88' lang='lat' dir='ltr'><strong>essct</strong></span> <span class='ocrx_word' id='word_1_137' title='bbox 181 1409 232 1466; x_wconf 90' lang='lat' dir='ltr'><strong>sui.</strong></span> 
     </span>
     <span class='ocr_line' id='line_1_18' title="bbox 135 1486 939 1565; baseline 0.004 -22"><span class='ocrx_word' id='word_1_138' title='bbox 135 1493 200 1545; x_wconf 88' lang='grc'><strong>108.</strong></span> <span class='ocrx_word' id='word_1_139' title='bbox 219 1487 276 1556; x_wconf 79' lang='lat' dir='ltr'><strong>Qui</strong></span> <span class='ocrx_word' id='word_1_140' title='bbox 295 1507 362 1546; x_wconf 87' lang='lat' dir='ltr'><strong>vero</strong></span> <span class='ocrx_word' id='word_1_141' title='bbox 378 1486 446 1545; x_wconf 92' lang='lat' dir='ltr'><strong>inde</strong></span> <span class='ocrx_word' id='word_1_142' title='bbox 467 1486 575 1544; x_wconf 91' lang='lat' dir='ltr'><strong>reditus</strong></span> <span class='ocrx_word' id='word_1_143' title='bbox 592 1487 730 1544; x_wconf 85' lang='lat' dir='ltr'><strong>Romam!</strong></span> <span class='ocrx_word' id='word_1_144' title='bbox 771 1486 851 1555; x_wconf 79' lang='lat' dir='ltr'><strong>Quae</strong></span> <span class='ocrx_word' id='word_1_145' title='bbox 874 1508 939 1565; x_wconf 73' lang='lat' dir='ltr'><strong>per,-</strong></span> 
     </span>
     <span class='ocr_line' id='line_1_19' title="bbox 93 1566 938 1626; baseline 0.002 -2"><span class='ocrx_word' id='word_1_146' title='bbox 93 1567 219 1626; x_wconf 89' lang='lat' dir='ltr'><strong>tnrbatio</strong></span> <span class='ocrx_word' id='word_1_147' title='bbox 234 1569 324 1625; x_wconf 86' lang='lat' dir='ltr'><strong>totius</strong></span> <span class='ocrx_word' id='word_1_148' title='bbox 337 1567 432 1625; x_wconf 85' lang='lat' dir='ltr'><strong>urbis!</strong></span> <span class='ocrx_word' id='word_1_149' title='bbox 473 1566 694 1624; x_wconf 87' lang='lat' dir='ltr'><strong>Memineramus</strong></span> <span class='ocrx_word' id='word_1_150' title='bbox 709 1566 831 1624; x_wconf 84' lang='lat' dir='ltr'><strong>Cinnam</strong></span> <span class='ocrx_word' id='word_1_151' title='bbox 846 1569 938 1626; x_wconf 90' lang='lat' dir='ltr'><strong>nimis</strong></span> 
     </span>
     <span class='ocr_line' id='line_1_20' title="bbox 93 1647 939 1724; baseline 0.001 -20"><span class='ocrx_word' id='word_1_152' title='bbox 93 1654 251 1724; x_wconf 91' lang='lat' dir='ltr'><strong>potentem,</strong></span> <span class='ocrx_word' id='word_1_153' title='bbox 267 1647 375 1706; x_wconf 86' lang='lat' dir='ltr'><strong>Sullam</strong></span> <span class='ocrx_word' id='word_1_154' title='bbox 396 1653 462 1724; x_wconf 85' lang='lat' dir='ltr'><strong>post</strong></span> <span class='ocrx_word' id='word_1_155' title='bbox 464 1667 496 1704; x_wconf 90' lang='lat' dir='ltr'><strong>ea</strong></span> <span class='ocrx_word' id='word_1_156' title='bbox 520 1647 670 1704; x_wconf 89' lang='lat' dir='ltr'><strong>dominant</strong></span> <span class='ocrx_word' id='word_1_157' title='bbox 658 1654 734 1704; x_wconf 76' lang='lat' dir='ltr'><strong>etin:</strong></span> <span class='ocrx_word' id='word_1_158' title='bbox 755 1647 843 1704; x_wconf 90' lang='lat' dir='ltr'><strong>modo</strong></span> <span class='ocrx_word' id='word_1_159' title='bbox 866 1648 939 1706; x_wconf 74' lang='lat' dir='ltr'><strong>Cae</strong></span> 
     </span>
    </p>
   </div>
   <div class='ocr_carea' id='block_1_3' title="bbox 91 1726 938 2185">
    <p class='ocr_par' dir='ltr' id='par_1_3' title="bbox 91 1726 938 2185">
     <span class='ocr_line' id='line_1_21' title="bbox 94 1726 936 1805; baseline 0.001 -21"><span class='ocrx_word' id='word_1_160' title='bbox 94 1746 185 1785; x_wconf 85' lang='lat' dir='ltr'><strong>sarem</strong></span> <span class='ocrx_word' id='word_1_161' title='bbox 202 1735 369 1805; x_wconf 86' lang='lat' dir='ltr'><strong>regnantem</strong></span> <span class='ocrx_word' id='word_1_162' title='bbox 384 1727 552 1784; x_wconf 82' lang='lat' dir='ltr'><strong>videramus,</strong></span> <span class='ocrx_word' id='word_1_163' title='bbox 594 1727 684 1784; x_wconf 82' lang='lat' dir='ltr'><strong>Erant</strong></span> <span class='ocrx_word' id='word_1_164' title='bbox 698 1727 818 1784; x_wconf 81' lang='lat' dir='ltr'><strong>fortasse</strong></span> <span class='ocrx_word' id='word_1_165' title='bbox 835 1726 936 1803; x_wconf 86' lang='lat' dir='ltr'><strong>gladii,</strong></span> 
     </span>
     <span class='ocr_line' id='line_1_22' title="bbox 94 1805 938 1885; baseline 0.002 -21"><span class='ocrx_word' id='word_1_166' title='bbox 94 1807 144 1865; x_wconf 88' lang='lat' dir='ltr'><strong>sed</strong></span> <span class='ocrx_word' id='word_1_167' title='bbox 168 1807 329 1866; x_wconf 86' lang='lat' dir='ltr'><strong>absconditi</strong></span> <span class='ocrx_word' id='word_1_168' title='bbox 356 1826 408 1864; x_wconf 88' lang='lat' dir='ltr'><strong>nec</strong></span> <span class='ocrx_word' id='word_1_169' title='bbox 433 1806 475 1863; x_wconf 91' lang='lat' dir='ltr'><strong>ita</strong></span> <span class='ocrx_word' id='word_1_170' title='bbox 497 1805 591 1864; x_wconf 90' lang='lat' dir='ltr'><strong>multi.</strong></span> <span class='ocrx_word' id='word_1_171' title='bbox 633 1805 675 1863; x_wconf 88' lang='lat' dir='ltr'><strong>Ist</strong></span> <span class='ocrx_word' id='word_1_172' title='bbox 649 1814 693 1863; x_wconf 88' lang='lat' dir='ltr'><strong>sta</strong></span> <span class='ocrx_word' id='word_1_173' title='bbox 716 1825 783 1863; x_wconf 89' lang='lat' dir='ltr'><strong>vero</strong></span> <span class='ocrx_word' id='word_1_174' title='bbox 808 1826 882 1885; x_wconf 84' lang='lat' dir='ltr'><strong>quae</strong></span> <span class='ocrx_word' id='word_1_175' title='bbox 907 1816 938 1866; x_wconf 86' lang='lat' dir='ltr'><strong>et</strong></span> 
     </span>
     <span class='ocr_line' id='line_1_23' title="bbox 94 1886 938 1978; baseline 0.004 -35"><span class='ocrx_word' id='word_1_176' title='bbox 94 1895 183 1965; x_wconf 92' lang='lat' dir='ltr'><strong>quant</strong></span> <span class='ocrx_word' id='word_1_177' title='bbox 184 1907 201 1944; x_wconf 92' lang='lat' dir='ltr'><strong>a</strong></span> <span class='ocrx_word' id='word_1_178' title='bbox 171 1887 402 1946; x_wconf 90' lang='lat' dir='ltr'><strong>tbarbariat</strong></span> <span class='ocrx_word' id='word_1_179' title='bbox 360 1894 419 1944; x_wconf 90' lang='lat' dir='ltr'><strong>est.</strong></span> <span class='ocrx_word' id='word_1_180' title='bbox 412 1886 418 1927; x_wconf 65' lang='grc' dir='ltr'><strong>ι</strong></span> <span class='ocrx_word' id='word_1_181' title='bbox 454 1886 580 1978; x_wconf 80' lang='lat' dir='ltr'><strong>Agmine</strong></span> <span class='ocrx_word' id='word_1_182' title='bbox 597 1886 736 1963; x_wconf 90' lang='lat' dir='ltr'><strong>quadrato</strong></span> <span class='ocrx_word' id='word_1_183' title='bbox 750 1905 816 1944; x_wconf 92' lang='lat' dir='ltr'><strong>cnm</strong></span> <span class='ocrx_word' id='word_1_184' title='bbox 830 1887 938 1964; x_wconf 85' lang='lat' dir='ltr'><strong>gladiis</strong></span> 
     </span>
     <span class='ocr_line' id='line_1_24' title="bbox 93 1966 938 2044; baseline 0.004 -21"><span class='ocrx_word' id='word_1_185' title='bbox 93 1976 267 2044; x_wconf 90' lang='lat' dir='ltr'><strong>sequuntur:</strong></span> <span class='ocrx_word' id='word_1_186' title='bbox 290 1973 434 2024; x_wconf 89' lang='lat' dir='ltr'><strong>scutorum</strong></span> <span class='ocrx_word' id='word_1_187' title='bbox 453 1966 568 2023; x_wconf 84' lang='lat' dir='ltr'><strong>lecticas</strong></span> <span class='ocrx_word' id='word_1_188' title='bbox 584 1967 691 2043; x_wconf 84' lang='lat' dir='ltr'><strong>portari</strong></span> <span class='ocrx_word' id='word_1_189' title='bbox 708 1966 845 2024; x_wconf 90' lang='lat' dir='ltr'><strong>videmus.</strong></span> <span class='ocrx_word' id='word_1_190' title='bbox 883 1968 938 2026; x_wconf 89' lang='grc' dir='ltr'><strong>Αι-</strong></span> 
     </span>
     <span class='ocr_line' id='line_1_25' title="bbox 91 2046 935 2125; baseline 0.001 -22"><span class='ocrx_word' id='word_1_191' title='bbox 91 2066 149 2124; x_wconf 64' lang='lat' dir='ltr'><strong>vquc</strong></span> <span class='ocrx_word' id='word_1_192' title='bbox 172 2047 217 2103; x_wconf 91' lang='lat' dir='ltr'><strong>his</strong></span> <span class='ocrx_word' id='word_1_193' title='bbox 242 2046 358 2123; x_wconf 87' lang='lat' dir='ltr'><strong>quidem</strong></span> <span class='ocrx_word' id='word_1_194' title='bbox 383 2046 440 2103; x_wconf 89' lang='lat' dir='ltr'><strong>iam</strong></span> <span class='ocrx_word' id='word_1_195' title='bbox 466 2046 638 2116; x_wconf 86' lang='lat' dir='ltr'><strong>inveteratis,</strong></span> <span class='ocrx_word' id='word_1_196' title='bbox 653 2054 748 2123; x_wconf 88' lang='lat' dir='ltr'><strong>patres</strong></span> <span class='ocrx_word' id='word_1_197' title='bbox 768 2047 935 2125; x_wconf 89' lang='lat' dir='ltr'><strong>conscripti,</strong></span> 
     </span>
     <span class='ocr_line' id='line_1_26' title="bbox 94 2126 936 2185; baseline 0 -1"><span class='ocrx_word' id='word_1_198' title='bbox 94 2127 300 2185; x_wconf 91' lang='lat' dir='ltr'><strong>consuetudine</strong></span> <span class='ocrx_word' id='word_1_199' title='bbox 317 2126 513 2184; x_wconf 86' lang='lat' dir='ltr'><strong>obduruimus</strong></span> <span class='ocrx_word' id='word_1_200' title='bbox 556 2126 694 2184; x_wconf 89' lang='lat' dir='ltr'><strong>Kalendis</strong></span> <span class='ocrx_word' id='word_1_201' title='bbox 711 2126 801 2183; x_wconf 85' lang='lat' dir='ltr'><strong>Iuniis</strong></span> <span class='ocrx_word' id='word_1_202' title='bbox 819 2146 887 2184; x_wconf 92' lang='lat' dir='ltr'><strong>cum</strong></span> <span class='ocrx_word' id='word_1_203' title='bbox 905 2128 936 2185; x_wconf 94' lang='lat' dir='ltr'><strong>in</strong></span> 
     </span>
    </p>
   </div>
   <div class='ocr_carea' id='block_1_4' title="bbox 56 2206 953 3242">
    <p class='ocr_par' dir='ltr' id='par_1_4' title="bbox 56 2206 953 3242">
     <span class='ocr_line' id='line_1_27' title="bbox 94 2206 937 2279; baseline 0.004 -16"><span class='ocrx_word' id='word_1_204' title='bbox 94 2215 233 2279; x_wconf 91' lang='lat' dir='ltr'><strong>senatum,</strong></span> <span class='ocrx_word' id='word_1_205' title='bbox 246 2215 278 2266; x_wconf 93' lang='grc' dir='ltr'><strong>ιιι</strong></span> <span class='ocrx_word' id='word_1_206' title='bbox 295 2214 355 2265; x_wconf 91' lang='lat' dir='ltr'><strong>erat</strong></span> <span class='ocrx_word' id='word_1_207' title='bbox 372 2207 572 2278; x_wconf 90' lang='lat' dir='ltr'><strong>constitutum,</strong></span> <span class='ocrx_word' id='word_1_208' title='bbox 584 2207 679 2265; x_wconf 87' lang='lat' dir='ltr'><strong>venire</strong></span> <span class='ocrx_word' id='word_1_209' title='bbox 698 2206 841 2277; x_wconf 85' lang='lat' dir='ltr'><strong>vellemus,</strong></span> <span class='ocrx_word' id='word_1_210' title='bbox 853 2215 937 2266; x_wconf 90' lang='lat' dir='ltr'><strong>metu</strong></span> 
     </span>
     <span class='ocr_line' id='line_1_28' title="bbox 93 2286 938 2366; baseline 0.001 -21"><span class='ocrx_word' id='word_1_211' title='bbox 93 2288 237 2364; x_wconf 87' lang='lat' dir='ltr'><strong>perterriti</strong></span> <span class='ocrx_word' id='word_1_212' title='bbox 254 2295 370 2366; x_wconf 87' lang='lat' dir='ltr'><strong>repente</strong></span> <span class='ocrx_word' id='word_1_213' title='bbox 387 2287 564 2364; x_wconf 82' lang='lat' dir='ltr'><strong>diffugimus.</strong></span> <span class='ocrx_word' id='word_1_214' title='bbox 608 2292 674 2343; x_wconf 83' lang='lat'>109.</span> <span class='ocrx_word' id='word_1_215' title='bbox 689 2286 801 2344; x_wconf 79' lang='lat' dir='ltr'><strong>Atiste</strong></span> <span class='ocrx_word' id='word_1_216' title='bbox 803 2287 874 2363; x_wconf 90' lang='lat' dir='ltr'><strong>,qui</strong></span> <span class='ocrx_word' id='word_1_217' title='bbox 896 2307 938 2346; x_wconf 90' lang='lat' dir='ltr'><strong>se-</strong></span> 
     </span>
     <span class='ocr_line' id='line_1_29' title="bbox 94 2366 938 2503; baseline 0.002 -79"><span class='ocrx_word' id='word_1_218' title='bbox 94 2375 163 2425; x_wconf 84' lang='lat' dir='ltr'><strong>natu</strong></span> <span class='ocrx_word' id='word_1_219' title='bbox 188 2388 246 2425; x_wconf 92' lang='lat' dir='ltr'><strong>non</strong></span> <span class='ocrx_word' id='word_1_220' title='bbox 274 2375 378 2445; x_wconf 83' lang='lat' dir='ltr'><strong>egeret,</strong></span> <span class='ocrx_word' id='word_1_221' title='bbox 394 2387 486 2444; x_wconf 90' lang='lat' dir='ltr'><strong>neque</strong></span> <span class='ocrx_word' id='word_1_222' title='bbox 511 2366 681 2424; x_wconf 90' lang='lat' dir='ltr'><strong>desideravit</strong></span> <span class='ocrx_word' id='word_1_223' title='bbox 669 2374 881 2503; x_wconf 84' lang='lat' dir='ltr'><strong>tquemquam</strong></span> <span class='ocrx_word' id='word_1_224' title='bbox 907 2376 938 2426; x_wconf 90' lang='lat' dir='ltr'><strong>et</strong></span> 
     </span>
     <span class='ocr_line' id='line_1_30' title="bbox 94 2446 939 2524; baseline 0.002 -21"><span class='ocrx_word' id='word_1_225' title='bbox 94 2456 146 2524; x_wconf 90' lang='lat' dir='ltr'><strong>pot</strong></span> <span class='ocrx_word' id='word_1_226' title='bbox 147 2449 191 2504; x_wconf 87' lang='lat' dir='ltr'><strong>ius</strong></span> <span class='ocrx_word' id='word_1_227' title='bbox 216 2448 340 2506; x_wconf 91' lang='lat' dir='ltr'><strong>discessu</strong></span> <span class='ocrx_word' id='word_1_228' title='bbox 369 2455 434 2505; x_wconf 87' lang='lat' dir='ltr'><strong>nost</strong></span> <span class='ocrx_word' id='word_1_229' title='bbox 434 2467 468 2504; x_wconf 84' lang='grc' dir='ltr'><strong>ιο</strong></span> <span class='ocrx_word' id='word_1_230' title='bbox 423 2447 548 2506; x_wconf 87' lang='lat' dir='ltr'><strong>tlaet</strong></span> <span class='ocrx_word' id='word_1_231' title='bbox 550 2454 613 2504; x_wconf 89' lang='lat' dir='ltr'><strong>atus</strong></span> <span class='ocrx_word' id='word_1_232' title='bbox 640 2454 733 2504; x_wconf 87' lang='lat' dir='ltr'><strong>estst</strong></span> <span class='ocrx_word' id='word_1_233' title='bbox 707 2447 862 2522; x_wconf 89' lang='lat' dir='ltr'><strong>satimqne</strong></span> <span class='ocrx_word' id='word_1_234' title='bbox 888 2446 939 2505; x_wconf 90' lang='lat' dir='ltr'><strong>illa</strong></span> 
     </span>
     <span class='ocr_line' id='line_1_31' title="bbox 94 2525 939 2604; baseline 0.004 -21"><span class='ocrx_word' id='word_1_235' title='bbox 94 2527 235 2585; x_wconf 90' lang='lat' dir='ltr'><strong>mirabilia</strong></span> <span class='ocrx_word' id='word_1_236' title='bbox 248 2529 377 2585; x_wconf 79' lang='lat' dir='ltr'><strong>facinora</strong></span> <span class='ocrx_word' id='word_1_237' title='bbox 390 2528 493 2584; x_wconf 85' lang='lat' dir='ltr'><strong>effecit.</strong></span> <span class='ocrx_word' id='word_1_238' title='bbox 535 2527 592 2596; x_wconf 79' lang='lat' dir='ltr'><strong>Qui</strong></span> <span class='ocrx_word' id='word_1_239' title='bbox 607 2525 795 2604; x_wconf 87' lang='lat' dir='ltr'><strong>chirographa</strong></span> <span class='ocrx_word' id='word_1_240' title='bbox 805 2526 939 2586; x_wconf 80' lang='lat' dir='ltr'><strong>Caesaris</strong></span> 
     </span>
     <span class='ocr_line' id='line_1_32' title="bbox 95 2606 939 2686; baseline 0.005 -23"><span class='ocrx_word' id='word_1_241' title='bbox 95 2607 271 2665; x_wconf 84' lang='lat' dir='ltr'><strong>defendisset</strong></span> <span class='ocrx_word' id='word_1_242' title='bbox 291 2608 361 2664; x_wconf 91' lang='lat' dir='ltr'><strong>lucri</strong></span> <span class='ocrx_word' id='word_1_243' title='bbox 381 2607 424 2663; x_wconf 90' lang='lat' dir='ltr'><strong>sui</strong></span> <span class='ocrx_word' id='word_1_244' title='bbox 442 2626 534 2678; x_wconf 88' lang='lat' dir='ltr'><strong>causa,</strong></span> <span class='ocrx_word' id='word_1_245' title='bbox 545 2608 570 2664; x_wconf 92' lang='lat' dir='ltr'><strong>is</strong></span> <span class='ocrx_word' id='word_1_246' title='bbox 586 2606 664 2683; x_wconf 88' lang='lat' dir='ltr'><strong>leges</strong></span> <span class='ocrx_word' id='word_1_247' title='bbox 682 2607 810 2664; x_wconf 86' lang='lat' dir='ltr'><strong>Caesaris</strong></span> <span class='ocrx_word' id='word_1_248' title='bbox 830 2626 939 2686; x_wconf 90' lang='lat' dir='ltr'><strong>easque</strong></span> 
     </span>
     <span class='ocr_line' id='line_1_33' title="bbox 94 2686 940 2763; baseline 0.005 -21"><span class='ocrx_word' id='word_1_249' title='bbox 94 2687 257 2762; x_wconf 86' lang='lat' dir='ltr'><strong>praeclaras,</strong></span> <span class='ocrx_word' id='word_1_250' title='bbox 270 2695 303 2745; x_wconf 89' lang='grc' dir='ltr'><strong>ιιι</strong></span> <span class='ocrx_word' id='word_1_251' title='bbox 324 2706 384 2745; x_wconf 89' lang='lat' dir='ltr'><strong>rem</strong></span> <span class='ocrx_word' id='word_1_252' title='bbox 405 2686 550 2763; x_wconf 87' lang='lat' dir='ltr'><strong>publicam</strong></span> <span class='ocrx_word' id='word_1_253' title='bbox 571 2694 720 2744; x_wconf 83' lang='lat' dir='ltr'><strong>concutere</strong></span> <span class='ocrx_word' id='word_1_254' title='bbox 737 2692 843 2763; x_wconf 89' lang='lat' dir='ltr'><strong>posset,</strong></span> <span class='ocrx_word' id='word_1_255' title='bbox 859 2707 940 2746; x_wconf 89' lang='lat' dir='ltr'><strong>ever-</strong></span> 
     </span>
     <span class='ocr_line' id='line_1_34' title="bbox 95 2766 940 2843; baseline 0.005 -21"><span class='ocrx_word' id='word_1_256' title='bbox 95 2766 148 2822; x_wconf 93' lang='lat' dir='ltr'><strong>tit:</strong></span> <span class='ocrx_word' id='word_1_257' title='bbox 170 2785 320 2823; x_wconf 87' lang='lat' dir='ltr'><strong>numerum</strong></span> <span class='ocrx_word' id='word_1_258' title='bbox 331 2785 471 2822; x_wconf 92' lang='lat' dir='ltr'><strong>annorum</strong></span> <span class='ocrx_word' id='word_1_259' title='bbox 482 2766 636 2842; x_wconf 90' lang='lat' dir='ltr'><strong>provinciis</strong></span> <span class='ocrx_word' id='word_1_260' title='bbox 647 2767 828 2843; x_wconf 89' lang='lat' dir='ltr'><strong>prorogavit:</strong></span> <span class='ocrx_word' id='word_1_261' title='bbox 846 2767 940 2826; x_wconf 88' lang='lat' dir='ltr'><strong>idem-</strong></span> 
     </span>
     <span class='ocr_line' id='line_1_35' title="bbox 95 2846 940 2921; baseline 0.007 -20"><span class='ocrx_word' id='word_1_262' title='bbox 95 2864 158 2921; x_wconf 90' lang='lat' dir='ltr'><strong>que,</strong></span> <span class='ocrx_word' id='word_1_263' title='bbox 171 2865 236 2901; x_wconf 91' lang='lat' dir='ltr'><strong>cum</strong></span> <span class='ocrx_word' id='word_1_264' title='bbox 253 2854 381 2903; x_wconf 87' lang='lat' dir='ltr'><strong>actorum</strong></span> <span class='ocrx_word' id='word_1_265' title='bbox 397 2846 525 2902; x_wconf 85' lang='lat' dir='ltr'><strong>Caesaris</strong></span> <span class='ocrx_word' id='word_1_266' title='bbox 542 2846 676 2904; x_wconf 83' lang='lat' dir='ltr'><strong>defensor</strong></span> <span class='ocrx_word' id='word_1_267' title='bbox 692 2865 751 2903; x_wconf 91' lang='lat' dir='ltr'><strong>esse</strong></span> <span class='ocrx_word' id='word_1_268' title='bbox 768 2846 895 2919; x_wconf 87' lang='lat' dir='ltr'><strong>deberet,</strong></span> <span class='ocrx_word' id='word_1_269' title='bbox 908 2857 940 2907; x_wconf 88' lang='lat' dir='ltr'><strong>et</strong></span> 
     </span>
     <span class='ocr_line' id='line_1_36' title="bbox 95 2924 937 3001; baseline 0.008 -21"><span class='ocrx_word' id='word_1_270' title='bbox 95 2924 124 2980; x_wconf 93' lang='lat' dir='ltr'><strong>in</strong></span> <span class='ocrx_word' id='word_1_271' title='bbox 139 2924 262 3001; x_wconf 91' lang='lat' dir='ltr'><strong>publicis</strong></span> <span class='ocrx_word' id='word_1_272' title='bbox 276 2933 305 2982; x_wconf 89' lang='lat' dir='ltr'><strong>et</strong></span> <span class='ocrx_word' id='word_1_273' title='bbox 319 2926 348 2981; x_wconf 91' lang='lat' dir='ltr'><strong>in</strong></span> <span class='ocrx_word' id='word_1_274' title='bbox 362 2926 480 3001; x_wconf 89' lang='lat' dir='ltr'><strong>privatis</strong></span> <span class='ocrx_word' id='word_1_275' title='bbox 494 2926 577 2983; x_wconf 88' lang='lat' dir='ltr'><strong>rebus</strong></span> <span class='ocrx_word' id='word_1_276' title='bbox 591 2933 654 2982; x_wconf 91' lang='lat' dir='ltr'><strong>acta</strong></span> <span class='ocrx_word' id='word_1_277' title='bbox 668 2925 795 2983; x_wconf 85' lang='lat' dir='ltr'><strong>Caesaris</strong></span> <span class='ocrx_word' id='word_1_278' title='bbox 808 2927 937 2987; x_wconf 87' lang='lat' dir='ltr'><strong>rescidit.</strong></span> 
     </span>
     <span class='ocr_line' id='line_1_37' title="bbox 95 3003 940 3082; baseline 0.007 -22"><span class='ocrx_word' id='word_1_279' title='bbox 95 3003 128 3060; x_wconf 95' lang='lat' dir='ltr'><strong>In</strong></span> <span class='ocrx_word' id='word_1_280' title='bbox 144 3005 266 3080; x_wconf 90' lang='lat' dir='ltr'><strong>publicis</strong></span> <span class='ocrx_word' id='word_1_281' title='bbox 283 3005 353 3061; x_wconf 93' lang='lat' dir='ltr'><strong>nihil</strong></span> <span class='ocrx_word' id='word_1_282' title='bbox 368 3012 411 3062; x_wconf 90' lang='lat' dir='ltr'><strong>est</strong></span> <span class='ocrx_word' id='word_1_283' title='bbox 428 3004 490 3080; x_wconf 86' lang='lat' dir='ltr'><strong>lege</strong></span> <span class='ocrx_word' id='word_1_284' title='bbox 504 3006 633 3081; x_wconf 87' lang='lat' dir='ltr'><strong>gravius:</strong></span> <span class='ocrx_word' id='word_1_285' title='bbox 655 3005 686 3061; x_wconf 89' lang='lat' dir='ltr'><strong>in</strong></span> <span class='ocrx_word' id='word_1_286' title='bbox 702 3005 821 3082; x_wconf 92' lang='lat' dir='ltr'><strong>privatis</strong></span> <span class='ocrx_word' id='word_1_287' title='bbox 834 3005 940 3066; x_wconf 88' lang='lat' dir='ltr'><strong>firmis·</strong></span> 
     </span>
     <span class='ocr_line' id='line_1_38' title="bbox 89 3084 940 3162; baseline 0.007 -23"><span class='ocrx_word' id='word_1_288' title='bbox 89 3084 196 3142; x_wconf 84' lang='lat' dir='ltr'><strong>simum</strong></span> <span class='ocrx_word' id='word_1_289' title='bbox 220 3092 263 3144; x_wconf 91' lang='lat' dir='ltr'><strong>est</strong></span> <span class='ocrx_word' id='word_1_290' title='bbox 280 3092 495 3144; x_wconf 86' lang='lat' dir='ltr'><strong>testamentum.</strong></span> <span class='ocrx_word' id='word_1_291' title='bbox 536 3085 628 3162; x_wconf 84' lang='lat' dir='ltr'><strong>Leges</strong></span> <span class='ocrx_word' id='word_1_292' title='bbox 643 3085 713 3141; x_wconf 84' lang='lat' dir='ltr'><strong>alias</strong></span> <span class='ocrx_word' id='word_1_293' title='bbox 732 3085 793 3140; x_wconf 84' lang='lat' dir='ltr'><strong>sine</strong></span> <span class='ocrx_word' id='word_1_294' title='bbox 809 3087 940 3160; x_wconf 79' lang='lat' dir='ltr'><strong>qromul·</strong></span> 
     </span>
     <span class='ocr_line' id='line_1_39' title="bbox 56 3162 953 3242; baseline -0.006 -19"><span class='ocrx_word' id='word_1_295' title='bbox 56 3166 203 3238; x_wconf 49' lang='lat' dir='ltr'><strong>,aratione</strong></span> <span class='ocrx_word' id='word_1_296' title='bbox 219 3168 351 3242; x_wconf 89' lang='lat' dir='ltr'><strong>sustulit,</strong></span> <span class='ocrx_word' id='word_1_297' title='bbox 366 3168 438 3230; x_wconf 85' lang='lat' dir='ltr'><strong>alias</strong></span> <span class='ocrx_word' id='word_1_298' title='bbox 453 3174 489 3228; x_wconf 88' lang='grc' dir='ltr'><strong>ιιι</strong></span> <span class='ocrx_word' id='word_1_299' title='bbox 504 3165 624 3227; x_wconf 82' lang='lat' dir='ltr'><strong>tolleret</strong></span> <span class='ocrx_word' id='word_1_300' title='bbox 636 3162 845 3242; x_wconf 57' lang='lat' dir='ltr'><strong>promulgavit.</strong></span> <span class='ocrx_word' id='word_1_301' title='bbox 876 3163 953 3218; x_wconf 59' lang='lat' dir='ltr'><strong>&#39;tes</strong></span> 
     </span>
    </p>
   </div>
   <div class='ocr_carea' id='block_1_5' title="bbox 0 0 998 3480">
    <p class='ocr_par' dir='ltr' id='par_1_5' title="bbox 0 0 998 3480">
     <span class='ocr_line' id='line_1_40' title="bbox 0 0 998 3480; baseline 0 0"><span class='ocrx_word' id='word_1_302' title='bbox 0 0 998 3480; x_wconf 95' lang='lat' dir='ltr'><strong> </strong></span> 
     </span>
    </p>
   </div>
  </div>
 </body>
</html>
