1988 3480
290 89 359 137 l‘llll
377 88 405 137 L.
422 90 576 141 MVRENA
592 88 739 141 ORATIO.

93 211 155 247 nom
175 192 404 253 fu·.·ereru,lloi=s
421 192 522 249 vorari
559 191 620 249 lum
638 190 709 249 illud
729 190 808 250 mihi
829 194 935 271 quidet

92 272 194 327 mirum
211 271 298 328 videri
317 272 397 331 soli-r.
410 282 452 327 tor
473 271 612 339 hominos,
623 281 682 328 tom
700 271 887 349 ingeniosos,
900 294 941 353 pe.

92 360 133 407 lor
155 370 244 405 armos
265 352 350 407 eriam
372 370 445 407 nuru·
468 362 590 408 sturm-u·
612 370 669 407 nou
691 352 828 428 potuisse
849 362 947 413 ulrum

92 430 186 487 diem
222 432 375 487 tertium
412 450 453 487 ou
490 432 745 507 perendinum,
775 432 946 493 iudicem

92 530 133 567 au
165 510 354 577 arbitrum,
381 531 452 567 rem
484 531 524 567 ou
557 511 661 568 litem
693 511 752 569 diei
783 522 943 591 oporteret

94 589 175 647 Xlll.
213 600 260 647 ⁶2⁸.
285 590 392 667 imque,
410 601 441 647 m
460 592 528 662 dixi,
544 592 671 665 dignitus
691 591 721 648 iu
741 592 800 649 ista
821 594 945 653 scientia

98 671 248 728 :ousuluris
270 690 427 747 uumquum
448 672 514 735 fuit,
527 691 599 748 qmw
619 680 681 728 tota
701 690 736 729 ex
757 672 848 729 rebus
870 672 944 733 ficiis

93 752 358 827 o·›mmmtiviisque
378 760 529 813 (suismet.
545 752 637 825 gralia
653 770 719 808 vero
738 752 837 809 multo
855 755 942 811 etiam

94 832 195 886 mirms.
221 831 304 897 Quod
315 831 390 886 onim
401 830 536 887 «uirilibus
546 840 625 907 putet
634 840 661 888 et
671 850 760 909 aeque
769 842 942 911 promptum

94 922 131 965 esi
148 909 216 965 milii
230 918 254 965 el
269 911 429 967 mlvi-isari«)
442 930 514 975 meo,
525 911 554 967 id
566 932 625 967 esse
636 918 748 985 ¹errulum
761 911 844 969 nullo
855 924 942 991 paeto

95 996 196 1064 potest.
239 988 337 1065 ltaque
353 1010 409 1047 uiui
425 991 513 1047 lurido
528 990 658 1047 lum-lieii
672 990 834 1049 collocandi
849 1012 941 1071 Spem,

94 1069 143 1124 sed
161 1070 245 1124 etium
266 1068 343 1131 illud.
355 1071 433 1146 <prod
451 1071 626 1147 uliqumudiu
644 1072 710 1141 fuit,
723 1090 811 1129 uicus
829 1091 942 1133 cossu-

96 1149 245 1211 rruuiam
256 1150 428 1225 perdidistis.
454 1150 573 1226 &ipisus
582 1150 737 1208 existimari
747 1170 834 1209 nemo
842 1160 942 1231 potest

96 1230 124 1285 iu
147 1250 180 1285 ea
197 1230 356 1306 prudentio,
373 1250 444 1307 quae
466 1250 558 1306 ueque
580 1239 659 1287 exiro
675 1230 799 1287 Romam
817 1252 940 1309 usquam

95 1329 185 1385 mque
198 1310 306 1366 Romae
318 1310 401 1366 rebus
412 1310 531 1386 prolatis
543 1311 697 1387 quidquam
710 1310 792 1367 valet.
824 1310 941 1370 Peritus

96 1390 159 1445 ideo
172 1390 269 1445 lmberi
281 1409 366 1446 uemo
380 1400 484 1467 polest,
494 1390 571 1465 quod
587 1391 615 1446 iu
628 1410 671 1460 eo,
680 1390 758 1467 quod
772 1390 870 1449 sciunt
881 1411 940 1450 om·

94 1469 244 1539 ues,uul1‹›
260 1470 348 1525 modo
363 1482 481 1546 possum
498 1470 573 1525 iuter
586 1490 615 1525 so
629 1470 795 1546 discrepare.
830 1470 941 1530 Diffici-

94 1549 128 1606 lis
146 1559 241 1607 mitem
260 1570 303 1607 res
318 1550 382 1607 ideo
401 1570 458 1605 mm
474 1557 598 1626 putatur,
608 1549 686 1626 quod
700 1556 729 1606 et
742 1552 896 1627 perpaucis
912 1560 941 1611 el

95 1632 213 1687 minimo
231 1630 358 1687 obscuris
374 1630 477 1687 litteris
493 1630 663 1686 continetur.
706 1629 807 1707 Itaque
824 1631 850 1687 si
865 1630 941 1689 milii

95 1711 206 1767 homiui
224 1712 406 1768 veliementer
425 1716 564 1787 occupato
584 1709 763 1765 stomachum
780 1711 941 1783 moveritis,

94 1792 191 1847 triduo
209 1811 254 1847 me
273 1791 340 1846 iuris
357 1790 519 1847 consultum
539 1809 599 1847 esse
616 1788 778 1865 profitebor.
815 1786 941 1849 'Etenim

96 1890 167 1945 (pirre
186 1870 221 1926 de
242 1870 347 1945 seripto
367 1877 498 1939 amioum,
515 1870 620 1946 scripta
639 1876 705 1926 sunt
724 1868 828 1941 omnia,
845 1888 942 1949 neque

95 1957 189 2005 leuues
206 1948 362 2025 quidquam
378 1956 436 2004 tum
454 1956 574 2027 anguste
592 1949 728 2026 seriptum
744 1955 795 2019 est,
808 1968 868 2027 quo
883 1970 942 2029 ego

57 2046 60 2053 ·
95 2048 152 2085 uon
168 2029 293 2105 possim:
315 2048 376 2091 ors
391 2049 429 2085 uu
446 2049 483 2085 au
501 2048 620 2099 serres,
631 2029 741 2086 addere.
778 2027 859 2097 Quae
873 2050 943 2089 oon·

96 2109 226 2165 suluulm·
245 2116 350 2175 rudem,
365 2110 485 2166 miuirrio
503 2107 629 2186 periculo
648 2107 864 2185 respondeatur.
907 2110 941 2169 Si

96 2190 133 2252 iu,
148 2189 225 2266 qrrml
247 2197 369 2266 oporiet,
387 2190 575 2267 responderis
590 2188 668 2245 idem
690 2187 942 2267 videare'respou-

95 2271 178 2340 disse,
187 2270 265 2347 quod
277 2271 404 2328 Servius:
423 2272 466 2327 sin
476 2271 565 2339 alit-er,
574 2269 660 2326 etiam
670 2274 885 2327 controversum
893 2270 941 2329 ius

96 2371 178 2408 nosse.
197 2359 226 2409 et
244 2359 365 2408 tractare
384 2352 504 2409 videare.
548 2355 594 2406 29.
618 2348 799 2425 Quapropter
815 2367 875 2406 uon
895 2370 941 2407 so·

97 2432 153 2489 lum
167 2432 213 2489 illa
227 2432 318 2507 gloria
332 2433 463 2490 militaris
474 2430 574 2488 vest-ris
585 2429 717 2486 formulis
731 2436 816 2505 atque
830 2428 940 2487 aelion-

96 2513 159 2568 ilms
173 2507 374 2590 oiitrpouenda
387 2520 438 2581 est,
448 2529 546 2568 verum
562 2511 647 2566 etiam
660 2508 773 2565 dicendi
788 2516 939 2567 eonsuetu-

96 2592 133 2647 ‹lo
152 2593 236 2667 louge,
253 2602 282 2650 et
299 2594 422 2649 multum
437 2591 484 2648 isli
499 2597 607 2646 vestrae
624 2588 819 2645 exereitalioni
837 2588 873 2645 ad
887 2588 938 2645 lio-

97 2689 193 2726 norom
214 2672 378 2729 'ariloeellet.
422 2670 522 2745 ltaque
549 2667 621 2725 mihi
650 2668 783 2725 videnlur
809 2666 938 2745 plerique

97 2749 179 2805 initio
196 2753 288 2809 multo
306 2751 361 2808 hoe
377 2749 517 2818 maluisse,
530 2754 604 2824 post,
618 2767 681 2805 eum
698 2748 730 2805 id
746 2746 863 2823 adsequi
878 2765 937 2804 nou

96 2830 264 2903 potuissent,
278 2832 350 2888 istuc
365 2829 546 2906 potissimum
562 2834 630 2884 sunt
644 2827 760 2905 delapsi.
799 2826 843 2885 ut
857 2826 938 2884 aiunt

97 2907 125 2963 in
137 2908 252 2967 Graecis
262 2909 417 2967 artificibus
431 2926 480 2964 eos
491 2906 626 2963 auloedos
640 2927 707 2977 esse,
719 2908 768 2984 qui
780 2906 939 2964 citharoedi

97 2984 156 3043 fiori
175 3009 231 3046 uon
248 2988 402 3068 potuerint,
419 2987 458 3043 sio
475 3005 533 3041 non
550 2986 643 3043 nullos
660 2987 798 3059 ridemuS,
811 2987 859 3064 qui
878 3004 938 3042 ora·

97 3067 172 3120 tores
197 3069 314 3126 evadere
336 3085 393 3122 non
415 3065 569 3141 potuerint,
588 3085 636 3123 eos
657 3067 694 3123 ad
714 3068 784 3124 iuris
808 3065 937 3124 studium

98 3138 235 3203 devenire.
278 3147 400 3219 Magnus
417 3144 529 3202 dicendi
547 3145 634 3215 labor,
646 3165 752 3222 magua
767 3165 819 3217 res,
832 3166 938 3221 magua
954 3164 958 3172 ·

216 3354 298 3394 t
