1988 3480
98 137 143 182 190
295 133 363 181 rau
380 136 411 194 Q.
426 132 575 182 LIGARIO
591 130 734 182 ORATIO.

136 238 157 294 I.
193 245 217 294 1.
232 236 345 294 Noram
361 237 476 307 crimen,
487 236 519 294 C.
528 236 638 306 Caesar,
651 243 679 293 ct
693 242 761 293 ante
772 235 857 295 hunc
869 238 951 296 diem

97 336 153 373 non
175 316 304 373 anditum
323 317 502 394 propinquus
519 336 599 373 mens
615 317 652 373 ad
667 324 697 373 tc
714 315 749 385 Q
760 316 886 375 Tubero
904 319 950 376 de

96 396 170 466 tulit,
187 395 378 471 QLigarium
400 397 430 453 in
448 397 548 453 Africa
568 397 665 466 fuisse,
680 396 769 473 idque
792 397 827 454 O.
841 398 949 469 Pansa,

97 477 251 554 praestanti
263 477 305 533 vir
315 477 442 553 ingenio,
454 477 545 533 frctus
556 477 676 534 fortasse
687 476 892 535 familiaritate
907 498 949 548 ea,

96 576 168 634 quac
190 557 493 626 esteitecurn,a11sus
515 563 557 613 cst
576 555 712 613 confiteri.
758 555 866 633 ltaque
891 577 949 635 quo

96 656 142 693 mc
155 644 262 693 vertam
278 637 381 694 nescio.
418 636 538 693 Paratus
549 636 625 692 enim
637 654 778 706 veneram,
789 655 860 693 cum
871 644 907 694 tu
919 635 949 694 id

97 736 189 794 neque
207 726 302 794 perte
320 717 404 773 scires
425 735 516 792 neque
538 716 635 772 andire
656 714 771 772 aliunde
788 716 947 792 potuisses,

98 805 130 853 nt
150 798 328 871 ignoratione
350 803 400 853 tua
420 795 457 853 ad
473 795 598 852 hominis
617 795 713 851 miseri
735 794 860 852 salutem
879 797 946 853 abn-

97 884 178 933 terer.
222 876 279 933 Sed
294 876 429 952 quoniam
446 875 596 952 diligentia
610 874 719 931 inimici
734 875 947 953 investigatum

97 964 141 1013 est
156 956 234 1032 quod
248 955 361 1025 latebat,
374 955 569 1013 confitendum
584 963 634 1027 est,
648 955 759 1031 opinor,
772 956 946 1030 praesertim

97 1054 163 1092 cum
181 1055 262 1091 meus
279 1036 451 1092 necessarius
469 1036 563 1092 Pansa
579 1035 687 1104 fecerit,
699 1042 732 1091 ut
747 1034 777 1090 id
794 1035 945 1113 integrum

98 1116 155 1172 iam
173 1134 230 1171 non
251 1123 332 1186 esset,
348 1116 509 1192 omissaque
527 1114 719 1172 controversia
735 1114 833 1170 omnis
851 1117 946 1172 oratio

98 1195 135 1252 ad
152 1195 374 1253 miscricordiam
392 1203 472 1253 tuam
493 1195 666 1253 conferenda
684 1201 735 1265 est,
749 1213 805 1271 qua
825 1195 945 1272 plurimi

98 1283 165 1333 sunt
186 1276 352 1346 conservati,
364 1296 429 1333 cnm
451 1282 517 1332 ate
538 1295 596 1332 non
613 1274 810 1332 liberationem
833 1274 945 1352 culpae,

99 1356 149 1412 sed
170 1357 253 1413 errati
271 1356 382 1413 veniam
400 1355 636 1433 impetravissent.
680 1360 706 1411 2.
722 1353 822 1410 Habes
845 1355 944 1431 igitur,
977 1381 980 1385 ·

98 1435 220 1506 Tubem,
234 1436 312 1513 qnod
326 1443 368 1493 cst
385 1435 541 1493 accusatori
558 1435 682 1491 maxime
697 1433 868 1511 optandum,
878 1453 945 1492 con-

98 1515 226 1572 fitentem
248 1536 337 1587 reum,
350 1516 400 1573 sed
416 1523 512 1572 tamen
532 1513 587 1571 hoe
609 1513 801 1584 confitentem,
814 1533 846 1571 se
863 1514 894 1570 in
912 1534 945 1572 ea

99 1603 178 1674 parte
195 1596 292 1668 fuisse,
306 1615 362 1673 qua
378 1603 415 1667 tc,
429 1615 484 1672 qna
501 1595 594 1650 virum
611 1594 690 1651 omni
708 1593 791 1650 lande
808 1592 944 1671 dignum,

99 1684 208 1753 patrem
226 1683 316 1734 tuum.
360 1676 460 1752 Itaque
480 1674 560 1752 prins
581 1675 617 1731 de
634 1681 728 1731 vestro
749 1672 856 1730 delicto
878 1693 943 1731 con·

98 1755 237 1813 litcamini
261 1775 375 1813 neccsse
400 1763 449 1826 est,
469 1774 554 1832 quam
580 1753 686 1831 Ligarii
711 1753 797 1809 ullam
826 1754 943 1830 culpam

98 1836 319 1912 reprehendatis.

139 1915 172 1983 Q.
189 1916 265 1972 enim
287 1914 425 1992 Ligarius,
441 1934 505 1972 cum
528 1920 602 1971 esset
622 1912 700 1970 nulla
720 1910 787 1969 belli
808 1913 942 1990 suspitio,

98 1995 208 2070 legatus
225 1995 255 2050 in
272 1994 403 2050 Africam
424 2014 488 2051 cum
507 1993 538 2052 Ο.
552 1993 690 2051 Considio
710 1991 860 2069 profectus
881 1999 941 2050 est:

99 2094 155 2150 qna
166 2074 195 2129 in
206 2073 349 2149 legatione
364 2080 392 2130 et
403 2074 512 2131 civibus
523 2080 552 2131 et
562 2073 647 2130 sociis
660 2073 702 2129 ita
715 2091 744 2128 se
755 2071 897 2148 probavit,
909 2079 944 2130 ut

99 2152 238 2209 decedens
253 2153 407 2210 Considius
421 2154 568 2231 provincia
582 2153 650 2209 satis
664 2153 757 2209 facere
773 2150 943 2211 hominibus

98 2252 156 2289 non
170 2240 276 2310 posset,
290 2235 312 2289 si
328 2253 500 2312 quemquam
515 2233 601 2290 aliurn
617 2231 779 2309 provinciae
789 2231 943 2367 praefecis-

99 2320 149 2370 set.
192 2313 292 2390 Itaqne
309 2314 447 2392 Ligarius
461 2334 526 2371 cum
543 2313 592 2369 diu
609 2331 742 2369 recusans
758 2311 787 2367 ni
809 2309 830 2368 il
845 2311 943 2387 profe

99 2393 191 2463 cisset,
203 2394 380 2470 provinciam
395 2394 504 2471 accepit
515 2393 636 2450 invitus:
659 2392 705 2450 cui
719 2391 759 2448 sic
769 2386 897 2467 praefuit
910 2391 941 2450 in

98 2492 177 2549 pace,
189 2481 221 2530 nt
239 2481 267 2530 et
284 2475 392 2531 civibus
410 2481 438 2530 ct
456 2473 540 2530 sociis
560 2472 722 2549 gratissima
738 2477 811 2528 esset
825 2470 888 2528 eius
901 2471 943 2528 in·

99 2553 217 2629 tegritas
231 2573 263 2610 ac
277 2553 355 2610 fides.
395 2560 420 2610 3.
437 2553 550 2610 Bellum
565 2552 660 2609 subito
675 2550 786 2622 exarsit,
797 2549 878 2627 quod
891 2550 943 2628 qui

100 2639 180 2688 crant
202 2633 232 2690 in
256 2633 358 2692 Africa
382 2641 454 2690 antc-
472 2634 623 2690 audierunt
645 2633 706 2709 geri
731 2649 816 2707 quam
837 2631 941 2707 parari.

100 2710 164 2779 Quo
184 2713 282 2770 audito
304 2714 406 2789 partim
430 2713 586 2789 cupiditate
606 2712 822 2781 inconsiderata,
834 2709 941 2787 partim

101 2810 183 2848 cacco
196 2792 320 2868 quodam
334 2793 437 2849 timore
448 2793 542 2867 primo
554 2791 659 2862 salutis,
672 2798 739 2868 post
753 2791 840 2848 etlam
851 2789 941 2847 studii

101 2871 144 2927 sui
156 2871 328 2947 quaerebant
339 2872 462 2948 aliquem
474 2872 584 2940 ducem,
595 2891 660 2928 cum
672 2871 809 2947 Ligarius,
819 2869 941 2927 domum

101 2959 239 3026 spectans,
255 2951 292 3006 ad
313 2970 378 3006 suos
399 2951 490 3007 redire
512 2952 636 3026 cupiens,
649 2951 727 3007 nullo
749 2970 778 3007 sc
799 2949 942 3028 implicari

100 3031 217 3106 negotio
242 3049 342 3107 passus
366 3036 416 3086 est.
456 3030 574 3087 Interim
599 3030 631 3087 P.
648 3030 747 3087 Attius
771 3029 875 3100 Varus,
890 3030 941 3107 qui

101 3118 214 3185 praetor
228 3109 358 3166 Africam
376 3108 545 3179 obtinuerat,
557 3109 673 3168 Uticam
689 3110 774 3167 venit.
810 3108 862 3166 Ad
874 3128 942 3167 eum

91 3187 192 3248 traam
208 3207 381 3251 concursum
399 3195 450 3253 est.
495 3188 596 3272 Atque
608 3189 659 3249 ille
670 3208 734 3247 uon
746 3188 892 3245 mediocri
900 3206 949 3243 em
