1988 3480
117 123 148 168 20
225 121 273 168 Du
292 120 443 169 IMPERIO
461 120 515 168 CN.
530 119 683 169 POMPEII
699 118 840 171 ORATIO.

116 222 237 291 diorum,
251 240 372 297 quorum
389 240 478 297 usquo
495 221 532 277 ad
545 227 671 278 nostram
689 222 856 279 memoriam
871 221 949 281 disci-

115 301 194 377 plina
204 300 310 356 navalis
321 308 350 357 et
360 300 452 376 gloria
465 301 609 370 remansit,
623 320 693 377 quae
704 302 804 358 civitas
817 322 952 380 umquam

115 391 198 436 :mtea
208 386 267 436 tam
282 380 384 451 tenuis,
396 387 456 436 tam
467 399 553 456 parva
564 380 655 437 insula
665 381 722 438 fuit
734 401 805 458 quae
820 402 878 438 non
889 403 952 459 por-

115 469 161 517 tus
176 479 242 515 suos
258 467 287 516 et
304 479 387 535 agros
404 467 432 516 et
449 460 573 536 aliquam
590 467 700 537 partem
721 462 845 538 regionis
866 471 951 539 atque

114 559 179 596 orae
196 540 355 597 maritimae
368 559 420 617 per
436 560 465 597 se
482 541 544 617 ipsa
558 540 741 597 defenderet?
784 541 824 598 nt
838 541 951 601 hercule

113 619 223 696 aliquot
247 639 337 676 annos
359 621 510 677 continuos
535 627 600 677 ante
621 619 712 696 legem
730 620 882 677 Gabiniam
904 623 951 681 illc

113 699 236 776 populus
258 699 412 771 Romanus,
428 701 508 757 cuius
529 700 673 777 usquead
694 708 819 756 nostram
844 720 951 760 memo-

112 780 183 835 riam
205 799 309 836 nomen
327 781 466 836 invictum
483 781 513 836 in
534 778 680 836 navalibus
701 781 806 856 pugnis
822 800 951 856 perman-

112 860 187 929 serit,
200 879 305 935 magna
318 879 350 916 ac
364 860 456 916 multo
471 860 596 917 maxima
606 867 686 936 parte
700 879 758 916 non
773 861 861 917 modo
876 862 951 918 utili-

112 939 187 1008 tatis,
206 938 257 995 scd
278 939 428 1015 dignitatis
451 946 536 1015 atquc
558 940 670 1016 imperii
694 941 803 996 caruit:
826 947 871 996 55.
887 960 948 1013 nos,

112 1038 234 1095 quorum
248 1019 369 1075 maiores
383 1019 561 1075 Antiochum
576 1038 671 1094 regern
686 1018 772 1076 classe
788 1019 949 1097 Persenque

96 1105 287 1174 superarunt,
304 1097 493 1176 omnibusque
512 1098 659 1156 navalibus
675 1099 780 1175 pugnis
797 1098 950 1177 Karthagi-

111 1179 230 1248 nienses,
243 1178 375 1235 homines
391 1178 421 1235 in
436 1179 586 1235 maritimis
603 1178 687 1235 rebus
701 1179 948 1237 exercitatissimos

110 1258 369 1335 paratissimosque,
386 1259 521 1328 vieemnt,
538 1259 557 1314 ii
574 1258 653 1315 nullo
670 1259 700 1314 in
717 1258 780 1316 loco
797 1259 853 1315 iam
871 1279 948 1336 prae·

110 1338 234 1396 donibus
254 1357 336 1414 pares
357 1359 417 1396 csse
437 1346 616 1414 poteramus:
639 1357 700 1408 noa,
717 1338 765 1415 qui
786 1346 869 1395 antea
889 1358 948 1396 non

110 1419 197 1475 modo
209 1418 321 1475 Italiam
337 1425 429 1475 tutam
445 1418 626 1489 habebamus,
637 1419 688 1474 sed
698 1437 797 1474 omnes
812 1419 904 1475 socios
918 1420 947 1476 in

109 1497 218 1554 ultimis
230 1498 286 1555 oris
297 1498 465 1556 auctoritate
476 1499 566 1555 nostri
581 1499 693 1575 imperii
705 1498 795 1555 salvos
806 1506 947 1574 praestare

109 1586 281 1654 poteramus,
291 1582 364 1650 tum,
377 1598 442 1636 curn
459 1578 551 1635 insula
567 1578 664 1650 DeloS,
677 1586 736 1635 tam
749 1578 848 1655 procul
866 1599 883 1635 a
899 1599 948 1636 no1

109 1657 153 1714 bis
169 1658 198 1715 in
213 1658 330 1737 Aegaeo
348 1659 418 1715 mari
434 1659 607 1737 positaque
623 1678 722 1716 omnes
738 1658 865 1736 undique
882 1679 947 1716 cum

108 1739 250 1796 mercibus
259 1748 344 1816 atque
354 1739 486 1796 oneribus
498 1739 705 1809 commeabant,
716 1739 820 1796 referta
829 1740 946 1810 divitiis,

107 1836 202 1893 parva,
216 1820 275 1874 sine
290 1837 380 1886 mmo,
394 1818 464 1873 nihil
476 1818 604 1888 timebat,
617 1818 704 1875 iidem
716 1838 773 1875 non
785 1819 873 1899 modo
884 1840 948 1896 pro-

109 1897 208 1953 vinciis
230 1904 315 1973 atque
337 1897 393 1952 oris
409 1895 507 1953 Italiae
524 1898 675 1954 maritimis
696 1919 728 1956 ac
742 1899 881 1976 portubus
898 1920 948 1957 no-

108 1977 181 2040 stris,
195 1977 243 2033 sed
259 1977 342 2033 etiarn
356 1976 454 2052 Appia
464 1977 521 2033 iam
532 1978 579 2034 via
592 1979 770 2036 carebamus:
792 1988 821 2037 et
831 1980 867 2036 iis
877 1988 948 2037 tern-

107 2056 225 2132 poribus
242 2076 300 2113 non
318 2055 445 2132 pudebat
461 2058 644 2133 magistratus
661 2060 761 2135 populi
776 2061 899 2117 Romani
917 2062 947 2118 in

107 2135 183 2193 hunc
202 2137 294 2213 ipsum
313 2137 407 2193 locum
425 2138 582 2207 escendere,
595 2158 660 2195 cum
679 2158 743 2195 curn
761 2141 844 2197 nobis
860 2142 945 2198 maio

108 2235 151 2272 res
172 2217 262 2272 nostri
283 2217 392 2273 exuviis
413 2217 534 2274 nauticis
555 2227 584 2276 et
601 2219 733 2276 classium
753 2221 851 2296 spoliis
869 2242 948 2279 orna-

107 2302 169 2351 tum
184 2297 370 2373 reliquissent.

149 2376 230 2434 XIX.
265 2383 309 2434 56.
328 2377 413 2434 Bono
427 2384 456 2434 te
471 2378 567 2435 animo
578 2386 649 2447 tum,
659 2379 691 2446 Q.
701 2379 847 2448 Hortensi,
858 2399 948 2455 popu-

107 2455 150 2512 lus
162 2456 308 2514 Romanus
322 2465 350 2514 et
362 2466 478 2529 ceteros,
491 2459 540 2534 qui
553 2464 634 2515 erant
645 2458 674 2513 in
686 2459 785 2514 eadem
798 2460 945 2527 sententia,

107 2535 200 2594 dicere
214 2539 387 2595 existimavit
402 2558 527 2614 eaquae
542 2537 725 2594 sentiebatis:
748 2537 799 2592 sed
809 2544 905 2593 tamen
918 2539 945 2593 in

107 2616 196 2672 salute
218 2619 363 2674 communi
381 2617 457 2674 idem
476 2617 601 2694 populus
618 2616 764 2672 Romanus
786 2615 878 2672 dolori
896 2637 947 2674 suo

107 2694 207 2751 maluit
223 2716 306 2772 quarn
319 2698 480 2754 auctoritati
493 2704 601 2753 vestrae
613 2696 816 2770 obtemperare.
847 2695 947 2774 Itaque

106 2792 164 2829 una
177 2774 229 2844 lex,
243 2795 315 2832 unus
330 2777 380 2846 vir,
392 2797 466 2834 arnus
483 2796 574 2833 annus
591 2782 649 2831 non
665 2775 752 2830 modo
767 2795 819 2831 nos
835 2776 883 2834 illa
896 2778 947 2833 mi·

107 2854 179 2909 seria
193 2874 224 2910 ac
235 2857 413 2932 turpitudine
425 2857 563 2926 liberavit,
576 2855 724 2911 sedetiam
740 2855 842 2928 effecit,
856 2865 888 2915 ut
899 2858 947 2914 ali·

107 2933 221 3008 quando
239 2954 302 2990 vere
320 2935 480 2990 videremur
497 2935 630 2990 omnibus
651 2935 786 3007 gentibus
807 2957 839 2993 ac
857 2939 947 2993 natio-

106 3012 191 3068 nibus
205 3019 279 3068 terra
296 3014 423 3090 marique
440 3013 586 3088 imperare.
625 3015 670 3071 57.
687 3014 751 3083 Quo
768 3017 841 3073 mihi
859 3018 945 3074 ctiam

105 3090 252 3165 indignius
273 3093 386 3150 videtur
407 3092 598 3149 obtrectatum
619 3114 679 3151 esse
701 3096 802 3168 adhuc,
821 3097 945 3153 Gabinio

100 3169 194 3226 dicam
208 3191 284 3230 :inire
295 3172 446 3244 Pompeia,
459 3191 495 3230 an
511 3173 634 3254 utrique,
649 3174 682 3233 ta
696 3177 777 3254 quob
789 3183 834 3233 cst
845 3177 952 3244 uerius,
