1988 3480
382 129 461 179 cnl’.
478 129 609 191 Ila-vl,
626 127 728 189 §9-14.
930 131 977 180 143

136 233 190 291 bus
211 232 334 290 universi
352 231 468 302 ordinis,
482 250 568 308 quam
588 250 640 289 nec
657 230 751 288 tacitis
768 250 819 288 nec
841 230 976 290 occultis!

136 313 259 383 Quando
284 313 361 369 enim
386 312 618 388 frequentissimo
643 317 743 368 senatu
768 318 903 388 quattuor
927 319 976 370 aut

137 413 282 451 surnrnnrn
300 392 425 468 quinque
443 398 509 449 sunt
529 391 639 448 inventi
661 392 709 468 qui
727 391 842 447 Milonis
863 411 976 448 causam

54 476 55 479 ’
136 494 195 530 non
219 473 392 550 probarent?
433 470 586 528 Declarant
611 471 695 528 huius
720 471 843 528 ambusti
868 472 976 529 tribuni

136 553 228 630 plebis
253 553 316 609 illac
338 552 542 609 intermortuae
567 552 723 621 contiones
743 551 846 627 quibus
871 553 975 609 cotidie

136 653 230 689 meam
241 632 400 709 potentiam
415 632 554 688 invidiose
569 631 781 704 criminabatur,
794 651 858 687 cum
871 632 976 689 diceret

136 720 266 770 senatum
284 732 342 769 non
360 711 438 788 quod
452 712 576 782 sentiret,
590 712 640 768 sed
655 710 732 788 quod
747 730 800 787 ego
815 711 915 768 vcllem
930 711 977 768 de-

136 812 256 850 comere.
300 792 379 861 Quae
402 792 519 869 quidem
544 792 568 848 si
592 791 723 868 potentia
743 798 786 848 cst
807 791 977 868 appellanda

136 874 233 949 potius
248 892 333 949 quam
345 879 394 929 aut
404 880 522 950 propter
533 891 637 948 magna
651 873 680 928 in
695 891 754 928 rem
766 871 910 948 publicam
919 891 976 928 me

135 953 191 1008 rita
208 953 358 1010 mediocris
374 953 405 1010 in
422 953 506 1010 bonis
520 954 611 1010 causis
628 952 781 1009 auctoritas
796 959 844 1008 aut
859 959 976 1028 propter

135 1031 189 1088 hos
210 1031 350 1090 officiosos
370 1033 480 1090 labores
502 1053 581 1090 mcos
605 1053 663 1089 non
685 1032 763 1089 nulla
786 1033 863 1108 apud
884 1032 976 1089 bonos

134 1112 233 1188 gratia,
246 1112 404 1190 appelletur
417 1114 458 1170 ita
475 1133 549 1183 sanc,
562 1113 631 1170 dum
646 1113 733 1170 modo
749 1131 847 1168 canos
862 1120 976 1169 utamur

133 1212 186 1269 pro
210 1193 298 1250 salute
323 1193 465 1250 bonorum
491 1201 590 1249 contra
612 1193 766 1250 amentiam
787 1193 973 1268 perditorum.

136 1278 180 1329 13.
194 1272 277 1330 Hanc
288 1293 355 1329 voro
367 1273 571 1349 quaestionem,
585 1273 637 1329 etsi
650 1292 707 1328 nou
723 1279 765 1328 est
777 1273 882 1348 iniqua,
895 1291 976 1328 nnm-

135 1370 220 1426 quam
235 1361 331 1408 tamen
347 1359 461 1407 senatus
478 1352 708 1408 constituendam
723 1351 843 1427 putavit.
886 1351 975 1408 Erant

135 1431 210 1486 enim
229 1430 314 1506 leges,
327 1438 406 1487 crant
421 1431 601 1506 quaestiones
618 1430 660 1487 vel
676 1431 711 1487 do
729 1431 813 1487 caede
828 1431 871 1487 vcl
887 1431 922 1487 de
937 1431 973 1500 vi,

135 1528 186 1565 ncc
197 1517 312 1566 tantum
324 1529 482 1566 maerorem
493 1529 525 1566 ac
536 1509 645 1566 luctum
660 1511 771 1567 senatui
781 1529 858 1567 mors
869 1510 901 1567 P.
911 1510 976 1567 Clo-

135 1589 176 1644 dii
187 1589 342 1659 adferebat,
353 1596 386 1645 ut
400 1608 474 1645 nova
486 1589 613 1665 quaestio
624 1590 852 1647 constitueretur.
886 1589 975 1647 Cuius

134 1669 212 1724 'enim
230 1668 265 1725 de
283 1669 331 1724 illo
349 1669 458 1725 incesto
476 1675 575 1745 stupro
592 1668 730 1725 iudicium
748 1669 918 1726 decernendi
935 1690 976 1726 sc-

135 1749 215 1804 natui
232 1755 359 1824 potestas
376 1755 449 1805 esset
467 1755 571 1824 erepta,
583 1749 619 1805 de
636 1749 696 1805 cius
712 1749 830 1806 interitu
848 1750 911 1826 quis
925 1769 975 1826 po

134 1835 191 1884 test
205 1828 318 1885 credere
333 1835 462 1885 senatum
474 1828 612 1884 iudicium
623 1848 728 1885 novum
741 1830 973 1887 constituendum

134 1910 267 1984 putasset
308 1908 367 1965 Cur
381 1908 469 1984 igitur
485 1909 650 1965 incendium
670 1910 772 1980 curiae,
786 1910 975 1986 oppugnatio

56 2019 60 2026 ·
134 2007 199 2045 nem
209 1989 322 2046 aedium
333 1988 370 2044 M.
381 1988 490 2064 Lepidi,
501 1989 616 2046 caedem
624 1989 696 2046 hanc
706 1990 798 2066 ipsam
807 1997 976 2046 contrairem

133 2068 278 2144 publicam
293 2075 407 2125 senatus
418 2069 525 2125 factam
543 2088 602 2125 esse
623 2069 768 2127 decrevit?
807 2068 882 2138 Quia
897 2070 975 2127 nulla

134 2148 176 2204 vis
190 2168 326 2225 nmquam
341 2155 384 2205 est
398 2148 428 2204 in
439 2148 528 2205 libera
541 2149 655 2206 civitate
669 2156 801 2226 suscepta
811 2150 886 2207 inter
899 2151 974 2207 civcs

133 2235 303 2284 noncontra
315 2228 539 2304 rempublicam.
568 2234 624 2286 .14.
636 2229 664 2285 N
666 2249 702 2285 on
718 2230 794 2286 euim
810 2237 853 2286 est
866 2229 915 2287 illa
928 2231 976 2287 dc-

133 2307 227 2362 fensio
245 2315 344 2364 contra
359 2308 417 2363 vim
435 2327 572 2384 umquam
594 2309 727 2384 optanda,
744 2309 794 2365 sed
814 2329 872 2366 non
894 2329 975 2366 nurn-

134 2404 220 2460 quam
238 2393 280 2442 est
296 2387 460 2444 necessaria.
503 2387 567 2443 Nisi
581 2407 647 2444 vcro
664 2395 713 2444 aut
728 2388 774 2444 ille
792 2389 861 2459 dien,
872 2390 900 2444 in
917 2408 974 2465 quo

134 2463 177 2521 Ti.
187 2464 331 2521 Gracchus
348 2473 391 2522 est
408 2485 513 2536 caesus
529 2473 579 2522 aut
596 2466 651 2537 illc,
663 2487 718 2542 qno
736 2467 833 2538 Gaius,
846 2475 895 2524 aut
917 2487 974 2544 quo

135 2563 213 2600 arma
230 2544 383 2615 Saturnini,
397 2546 483 2601 etiam
500 2546 524 2601 si
539 2565 554 2602 e
571 2565 600 2602 re
614 2546 736 2622 publica,
750 2566 884 2624 oppressa
898 2555 972 2620 sunt,

135 2623 356 2699 rempublicam
377 2631 473 2682 tamen
494 2645 552 2681 non
569 2625 760 2683 vulnerarunt.
803 2627 855 2685 VI.
874 2627 974 2704 Itaque

135 2721 189 2778 ego
207 2703 267 2779 ipsc
285 2703 404 2774 decrevi,
417 2724 482 2761 cum
499 2705 614 2762 caedem
632 2706 662 2761 in
679 2706 777 2782 Appia
794 2707 899 2763 factam
914 2726 974 2764 esse

135 2788 285 2853 constaret,
301 2803 359 2840 non
381 2804 454 2853 eum,
471 2785 519 2860 qui
541 2805 570 2841 se
592 2784 775 2855 defendisset,
792 2793 890 2842 contra
913 2805 974 2843 rcm

135 2861 280 2937 publicam
297 2863 406 2933 fecisse,
422 2864 479 2933 sed,
496 2883 560 2920 cum
578 2864 704 2920 inessent
717 2865 748 2919 in
762 2884 792 2921 re
807 2865 895 2925 viset
909 2866 975 2921 insi-

135 2941 207 3012 diae,
220 2942 327 2998 crimen
341 2943 448 2999 iudicio
466 2943 612 3013 reservavi,
625 2962 685 2999 rem
703 2945 808 3000 notavi.
851 2943 935 3012 Quod
950 2945 974 3000 si

134 3039 186 3096 per·
200 3022 340 3077 furiosum
355 3021 436 3078 illum
450 3021 598 3078 tribunum
616 3023 726 3079 senatui
742 3023 819 3099 quod
834 3022 974 3100 sentiebat

134 3099 267 3176 perficere
279 3100 411 3172 licuisset,
420 3119 523 3158 novam
535 3102 731 3178 quaestionem
742 3102 854 3159 nullam
860 3103 984 3157 babens-

134 3198 206 3236 mus.
242 3179 422 3238 Deccmcbat
436 3179 526 3254 euim,
535 3187 572 3240 ut
583 3179 994 3255 veteriouslesgxbusmw
