1988 3480
306 119 386 170 CAP.
401 120 433 169 V.
439 119 529 181 -VIL,
546 117 624 178 §13-
624 122 664 169 21.
861 122 911 171 18³

71 240 143 298 quos
163 227 266 298 potest.
308 220 436 278 Alterius
452 240 519 278 vero
536 221 624 297 partis
640 220 712 278 nihil
721 221 852 313 amplius
869 223 910 280 di-

70 320 134 358 cam
151 320 245 436 quam,
258 300 289 357 id
303 300 381 378 quod
397 320 496 357 omnes
512 300 686 370 verebamur,
699 300 785 357 nimis
801 301 910 359 iracun-

71 380 205 437 damft
174 388 286 437 uturam
307 380 396 436 fuisse
417 380 574 437 victoriam.
619 386 663 437 18.
680 345 807 448 Quidam
832 382 910 438 enim

70 479 130 517 non
143 459 231 525 modo
248 460 372 530 armatis,
385 459 435 516 sed
448 460 592 516 interdum
607 459 694 516 etiam
708 460 808 517 otiosis
822 461 910 518 mina-

72 539 140 597 bant
128 548 175 597 tur
196 559 249 596 nec
272 539 342 616 quid
364 540 483 616 quisque
508 540 648 610 sensisset,
665 539 715 596 sed
739 540 789 596 ubi
808 541 910 598 fuisset

72 619 257 696 cogitandum
269 638 328 675 esse
339 618 489 676 dicebaut:
506 625 540 676 ut
549 618 622 674 mihi
633 618 749 695 quidem
761 619 910 677 videantur
955 655 956 658 =

71 699 102 756 di
115 699 340 769 immortales,t
312 706 340 756 e
341 718 398 756 ram
413 698 436 754 si
451 717 558 775 poenas
572 717 589 754 a
603 698 711 789 populo
726 697 858 755 Romano
873 699 911 756 ob

72 779 187 856 aliquod
202 743 337 836 delictirm
353 778 558 855 expetiverunt,
571 797 620 855 qur
612 777 716 835 'civile
730 772 837 834 bellum
851 785 900 835 tan

73 866 133 915 tum
151 866 256 916 ettam
273 858 436 915 luctuosum
457 858 658 928 excitaverunt,
670 858 714 914 vel
731 857 861 935 placati
853 877 910 914 ram

73 938 169 995 velt
127 945 169 995 sat
171 939 210 996 iat
210 958 221 995 1
213 937 388 1015 'aliquando
404 956 518 994 omnem
533 957 613 1014 spem
629 901 728 994 salutis
741 938 779 995 ad
790 938 911 996 11111111·

71 1019 141 1075 tiam
156 1019 272 1075 victoris
286 1025 315 1075 et
328 1018 497 1095 sapientiam
512 1017 672 1075 contulisse.

113 1103 157 1156 19.
174 1097 237 1166 Qua
253 1117 283 1155 re
298 1098 392 1174 gaude
408 1097 530 1155 1111111
544 1104 604 1155 tam
621 1097 770 1156 excellenti
784 1098 869 1169 bono,
882 1108 911 1156 et

71 1178 164 1236 fruere
184 1198 249 1236 cum
268 1179 387 1235 fortuna
409 1184 438 1234 11
459 1177 633 1254 gloriatum
654 1178 741 1234 etiam
762 1182 865 1234 natura
882 1184 911 1235 11

70 1258 198 1315 moribus
218 1258 292 1316 tuis:
314 1278 349 1315 ex
367 1277 423 1335 quo
442 1256 557 1334 quidem
579 1257 720 1313 maximus
741 1264 784 1314 est
800 1258 911 1314 fructus

72 1338 291 1414 iucunditasque
303 1337 433 1412 sapienti.
469 1336 571 1392 Cetera
581 1355 646 1393 cum
657 1343 708 1393 tua
718 1336 909 1408 recordabere,

72 1418 124 1473 etsi
139 1436 273 1493 persaepe
288 1417 394 1484 virtuti,
406 1422 503 1472 tamen
517 1415 687 1492 plerumque
699 1415 832 1472 felicitati
844 1422 912 1473 tuae

72 1495 265 1572 gratulabere:
287 1496 323 1552 de
340 1495 431 1564 nobis,
444 1514 516 1572 quos
532 1494 563 1551 in
579 1514 609 1552 re
630 1494 745 1572 publica
760 1501 856 1552 tecum
877 1496 911 1552 si-

73 1575 131 1632 mul
148 1570 266 1652 [salvos]
281 1594 341 1631 1111
358 1575 481 1646 11111111,
495 1575 627 1650 quotiens
644 1574 792 1652 cogitabis,
804 1576 911 1633 totiens

11 1669 12 1672 ’
72 1655 108 1712 de
122 1655 255 1711 maximis
269 1654 327 1711 tuis
337 1653 490 1726 beneficiis,
503 1654 609 1711 totiens
623 1654 658 1711 de
673 1654 833 1712 incredibili
843 1655 911 1712 libe

72 1734 191 1805 ralitate,
204 1735 311 1791 totiens
327 1733 364 1792 de
380 1735 517 1811 singulari
534 1734 673 1811 sapientia
689 1741 740 1791 tua
753 1735 909 1812 cogitabis:

73 1834 144 1890 quae
164 1834 221 1871 non
243 1814 331 1871 modo
352 1834 464 1871 summa
479 1814 562 1885 bona,
576 1814 626 1871 sed
641 1815 778 1872 nimirum
798 1815 910 1872 audebo

72 1894 116 1951 vel
134 1894 194 1951 sola
210 1894 311 1952 dicere.
353 1893 463 1952 Tantus
479 1902 522 1952 est
539 1894 616 1951 enim
633 1894 768 1971 splendor
781 1894 812 1951 in
826 1895 910 1952 laude

72 1994 144 2046 vera,
157 1981 237 2032 tanta
250 1975 281 2031 in
295 1975 493 2051 magnitudine
507 1974 595 2031 animi
610 1981 639 2031 et
649 1975 760 2032 consilii
774 1975 908 2053 dignitas,

72 2061 104 2112 ut
115 2055 184 2112 haec
198 2055 329 2112 avirtute
341 2055 454 2126 donata,
465 2061 558 2112 cetera
571 2054 715 2113 afortuua
728 2056 910 2113 commodata

71 2155 131 2192 esse
142 2136 298 2192 videantur.
336 2141 381 2192 20.
394 2134 462 2192 Noli
477 2135 565 2212 igitur
575 2134 605 2190 in
616 2135 816 2192 conservandis
826 2136 910 2193 bonis

72 2215 139 2271 viris
153 2215 312 2292 defetigari,
323 2234 381 2270 non
399 2215 556 2291 cupiditate
570 2215 736 2291 praesertim
753 2215 848 2293 aliqua
861 2223 910 2273 aut
978 2244 980 2248 ·

72 2295 211 2371 pravitate
232 2294 326 2370 lapsis,
342 2293 392 2350 sed
409 2294 545 2371 opinione
566 2293 652 2350 officii
673 2295 760 2351 stulta
779 2295 908 2366 fortasse,

72 2381 147 2431 certe
165 2393 223 2430 nou
241 2372 381 2450 improba,
397 2380 426 2430 11
443 2374 536 2450 specie
557 2373 680 2449 quadam
701 2374 741 2430 rei
762 2373 909 2450 publicae:

73 2471 131 2509 nou
149 2453 225 2510 enim
241 2458 292 2510 tua
308 2452 365 2509 ulla
381 2452 464 2529 culpa
480 2459 531 2522 est,
547 2453 571 2508 si
589 2459 618 2508 te
639 2452 727 2529 aliqui
743 2454 909 2523 timuerunt,

75 2539 227 2609 contraque
238 2551 350 2589 summa
359 2531 427 2603 laus,
437 2532 514 2609 quod
523 2531 641 2588 minime
651 2531 812 2589 timendum
822 2533 910 2590 fuisse

77 2618 228 2669 senscrunt.

113 2691 180 2749 VII.
213 2697 258 2748 21.
270 2691 353 2749 Nunc
365 2691 447 2749 venio
461 2691 498 2749 ad
512 2691 706 2768 gravissimam
719 2692 870 2769 querellam
882 2697 910 2748 et

74 2772 279 2829 atrocissimam
296 2772 484 2848 suspitionem
501 2778 597 2829 tuam:
622 2791 693 2848 quae
710 2791 768 2828 nou
786 2772 910 2849 tibiipsi

74 2851 165 2927 magis
176 2870 261 2928 quam
273 2870 337 2908 cum
350 2851 483 2908 omnibus
492 2851 601 2908 civibus
609 2859 672 2909 tum
683 2852 807 2909 maxime
817 2851 909 2922 nobis,

75 2932 123 3007 qui
145 2950 161 2987 a
185 2937 213 2987 te
238 2931 395 2988 conservati
420 2950 524 3002 sumus,
542 2930 720 3007 providenda
740 2937 798 2988 est:
825 2950 910 3008 quam

74 3011 127 3068 etsi
149 3029 230 3087 spero
251 3009 353 3067 falsam
374 3029 442 3081 esse,
457 3016 553 3068 tamen
574 3029 732 3087 numquam
751 3010 910 3068 extenuabo

75 3090 173 3147 verbis.
216 3088 279 3146 Tua
295 3091 371 3147 enim
389 3090 483 3147 cautio
500 3096 598 3147 nostra
614 3091 710 3148 cautio
727 3096 831 3159 esunt
843 3090 925 3142 s'x'xn

75 3169 208 3226 alterutro
219 3169 400 3248 peccandum
418 3169 466 3246 111,
476 3169 584 3230 malim
594 3169 695 3229 uideri
706 3168 806 3224 1111111
814 3160 950 3217 timiam
