1988 3480
108 138 156 188 132
243 139 315 190 PRO
330 139 360 190 T.
375 139 491 189 ANNIO
509 137 647 188 MILONE
665 137 805 186 ORATIO.

108 239 166 287 dere
178 239 254 287 mon's
268 248 339 300 esset,
350 255 372 287 a.
383 239 408 288 d.
419 239 497 287 XIII.
510 238 568 287 Kal.
579 239 650 285 Febr.
656 245 744 284 -acta
758 238 850 285 etenim
864 240 950 298 magis

108 304 233 366 sequenda
242 313 267 352 et
276 305 356 366 ipsam
364 306 510 362 orationem,
519 318 582 366 quae
593 305 655 350 actis
665 303 787 362 congruit,
798 313 857 364 puto
870 319 948 364 quarn

107 371 281 429 Fenestellam,
293 371 335 432 qui
349 385 373 418 a.
382 369 406 418 d.
417 370 491 417 XIV.
501 370 557 417 Kal.
569 370 641 416 Febr.
651 369 824 416 tradit-Milo
836 370 949 416 Lanari-

108 451 158 495 um,
170 451 203 483 ex
216 451 266 498 quo
278 444 331 483 erat
345 435 480 496 manleipio
494 445 518 482 et
529 435 563 480 ibi
577 444 629 481 tnm
641 434 754 490 dictator,
767 433 893 495 profectus
908 445 950 483 est

109 501 140 548 nd
154 501 279 548 flaminem
295 501 449 562 prodendum
464 509 563 561 postera
576 500 624 548 die.
660 500 775 547 Occurrit
787 500 809 547 ei
823 501 889 547 circa
901 500 947 548 ho-

108 581 161 614 ram
175 581 267 614 notram
280 566 381 614 Clodius
393 566 476 628 paullo
488 565 553 612 nltra
565 565 682 622 Bovillas,
695 564 791 612 rediens
806 566 838 612 ab
850 566 947 627 Aricia,

107 647 182 695 prope
199 646 255 680 enm
273 632 363 691 locum,
378 631 402 678 in
421 646 469 694 quo
486 631 573 678 Bonae
590 630 652 677 deae
668 630 785 677 sacellum
802 640 846 679 est.
883 632 946 680 Erat

107 708 191 746 autem
200 697 329 745 adlocutus
338 697 481 744 decuriones
490 695 658 743 Aricinornm.
691 696 834 743 Vehebatur
843 696 950 745 Clodius

108 779 179 825 equo.
216 763 284 811 Serri
298 762 383 809 XXX.
396 762 447 810 fere
464 761 581 821 expediti,
593 771 620 807 ut
633 760 676 807 illo
693 771 803 821 tempore
821 776 874 808 mos
891 771 949 810 erat.

107 829 154 876 iter
165 828 318 887 facientibus,
330 827 417 886 gladiis
429 827 503 873 cincti
516 826 687 888 sequebantur.
725 826 804 873 Erant
816 842 872 872 cnm
888 828 946 875 Clo-

108 895 149 940 dio
165 901 292 955 praeterea
309 901 358 939 tres
376 892 477 938 comites
494 891 554 949 eins,
569 906 601 938 ex
619 891 708 953 quibus
725 906 798 952 eques
816 892 948 940 Romanus

108 975 179 1018 nnus,
194 958 222 1006 C.
238 957 370 1005 Causinius
391 957 470 1015 scola,
485 957 534 1002 duo
555 956 587 1004 de
609 957 679 1018 plebe
699 957 756 1003 nori
776 957 895 1014 homines,
912 959 943 1007 P.

108 1023 268 1084 Pomponius.
281 1023 309 1070 C.
324 1021 432 1070 Clodius.
472 1020 533 1068 Milo
551 1021 626 1068 raeda
642 1021 777 1069 uehebatur
794 1037 850 1069 cnm
867 1038 948 1071 uxore

109 1090 210 1146 Fausta,
223 1088 275 1134 tilia
289 1088 317 1135 L.
330 1087 412 1135 Sullae
429 1086 566 1145 dictatoris,
579 1096 603 1134 et
617 1087 654 1134 M.
665 1087 737 1134 Fufio
751 1087 872 1134 familiare
889 1104 941 1136 sno.

108 1154 260 1216 Sequebatur
271 1168 312 1200 eos
324 1167 442 1212 magnum
457 1167 582 1199 serrorum
594 1166 691 1211 agmen,
702 1152 767 1199 inter
779 1168 839 1214 qnos
851 1153 948 1208 gladia-

107 1230 171 1266 tores
185 1233 282 1281 qnoque
293 1227 371 1276 erant,
383 1233 416 1266 ex
430 1218 517 1279 quibus
531 1217 582 1264 dno
595 1217 797 1275 nostradamus
812 1229 837 1264 et
853 1219 941 1268 Burin.

107 1286 128 1332 Ii
138 1285 163 1331 in
174 1285 261 1332 ultimo
273 1284 372 1345 agmine
380 1283 473 1331 tardius
482 1293 568 1330 euntes
579 1297 636 1330 eum
648 1283 724 1330 servis
735 1284 764 1330 I’.
774 1283 853 1331 Clodii
864 1285 947 1334 rixam

106 1351 290 1398 commiserunt.
327 1349 370 1397 Ad
382 1363 457 1410 quem
468 1348 602 1396 tumultum
615 1364 671 1395 cum
685 1349 832 1410 respexisset
844 1349 949 1398 Clodius

106 1416 300 1475 mirritabundas‚
318 1415 450 1462 humerum
474 1415 526 1462 eius
552 1413 636 1461 Birria
661 1413 813 1475 rhomphaea
837 1416 943 1464 traiecit.

106 1481 169 1528 Inde
183 1497 238 1528 cnm
254 1491 309 1528 ona
322 1489 387 1528 esset
400 1495 491 1543 pugna,
503 1480 584 1541 plures
597 1479 730 1527 Miloniani
742 1491 944 1529 accucurrerunt.

107 1546 208 1594 Clodius
223 1546 367 1594 vnlneratus
378 1547 403 1593 in
419 1545 548 1594 tabernam
562 1546 703 1607 proximam
717 1546 741 1592 in
760 1546 887 1593 Borillano
902 1547 947 1594 de-

106 1611 171 1658 latus
184 1621 231 1659 est.
267 1612 328 1659 Milo
346 1619 373 1659 ut
390 1612 506 1672 cognorit
519 1611 674 1658 vulneratum
689 1611 813 1670 Clodiam,
825 1628 879 1659 cum
898 1613 947 1659 sibi

105 1677 265 1738 periculosius
279 1677 341 1724 illud
357 1677 433 1724 etiam
450 1677 506 1724 viro
522 1692 552 1724 eo
568 1677 679 1724 futurum
696 1677 852 1737 intelligeret,
864 1679 949 1726 occiso

106 1751 189 1790 antem
203 1758 321 1803 maguum
336 1743 454 1790 solacium
465 1752 530 1790 esset
544 1742 680 1801 habiturus,
692 1743 768 1790 etiam
782 1745 802 1790 si
817 1744 945 1791 subeunda

105 1818 170 1855 esset
182 1823 269 1870 poena,
280 1808 407 1855 exturbari
420 1809 521 1856 taberna
532 1809 611 1855 Iussit.
641 1808 700 1855 Fuit
709 1808 884 1866 antesignanus
894 1825 945 1857 ser-

105 1889 192 1920 vorum
204 1875 256 1920 eius
268 1873 305 1921 M.
317 1873 438 1922 Saufeius.
472 1875 556 1934 Atque
567 1874 603 1921 ita
615 1872 717 1921 Clodius
728 1874 807 1921 latens
819 1883 946 1922 estractus

106 1947 143 1985 est
157 1938 290 2000 multisque
302 1938 444 1986 vulneribus
458 1939 593 1988 confectus.
630 1940 742 1988 Cadaver
754 1940 806 1987 eins
818 1940 843 1986 in
855 1940 895 1987 ria
906 1955 944 1987 re-

105 2003 201 2061 lictam,
212 2004 270 2065 quie
287 2004 349 2050 servi
365 2003 447 2051 Clodii
460 2014 502 2051 ant
516 2004 590 2050 occisi
604 2014 675 2052 erant
689 2014 732 2052 aut
746 2005 854 2064 graviter
867 2005 946 2053 saucii

105 2069 224 2128 latebant,
235 2069 393 2117 Sex.'I'edius
407 2079 512 2125 senator,
524 2070 568 2131 qui
582 2070 646 2118 forte
660 2085 693 2118 ex
704 2085 760 2117 rure
772 2071 796 2116 in
807 2071 891 2117 urbem
907 2086 945 2118 re-

105 2135 254 2192 vertebatur,
270 2132 369 2182 sustulit
386 2144 411 2182 et
425 2135 511 2182 lectica
528 2150 573 2182 sua
586 2135 692 2182 Romam
711 2134 769 2182 ferri
787 2136 872 2182 iussit:
892 2137 947 2198 ipse

106 2215 189 2247 rursus
202 2200 298 2259 eodem,
311 2201 378 2248 unde
390 2209 442 2248 erat
456 2215 575 2260 egressus,
587 2215 615 2248 se
626 2202 726 2261 recepit.
763 2201 891 2248 Perlatum
905 2211 944 2248 est

106 2280 194 2326 corpus
209 2266 290 2313 Clodii
307 2277 366 2314 ante
380 2267 485 2328 primam
501 2267 581 2314 noctis
597 2266 685 2313 horam
702 2266 849 2328 infimaeqne
866 2266 947 2327 plebis·

106 2340 131 2377 et
145 2345 270 2378 serrorum
285 2333 397 2380 maxima
411 2332 542 2379 multitudo
555 2345 647 2392 niagno
658 2332 727 2379 luctu
742 2347 830 2393 corpus
842 2332 866 2378 in
880 2332 946 2379 atrio

106 2395 194 2443 domus
205 2397 313 2457 positam
325 2398 493 2446 circumstetit.
529 2398 646 2457 Angebat
658 2405 740 2445 antem
753 2397 812 2444 facti
824 2397 944 2444 invidiam

106 2477 172 2509 uxor
189 2461 271 2510 Clodii
292 2463 386 2510 Fuluia.
398 2477 461 2525 qnae
479 2477 534 2509 cnm
552 2463 631 2510 eli'nsa
647 2462 825 2510 lamentatione
842 2463 944 2510 vnlnere

106 2527 159 2573 eins
178 2527 328 2575 ostendebat.
367 2528 448 2574 Maior
465 2537 564 2588 postera
583 2527 623 2574 die
640 2527 694 2574 lnce
711 2528 791 2589 prima
810 2528 943 2574 multitado

105 2592 216 2639 eiusdem
233 2593 329 2651 generis
350 2592 469 2640 confinxit
487 2591 673 2654 compluresque
691 2593 742 2655 noti
760 2594 872 2639 homiues
890 2592 943 2640 elisi

107 2666 172 2716 snnt,
184 2658 248 2704 inter
265 2673 327 2719 qnos
345 2658 372 2704 C.
385 2658 504 2705 Vibienus
522 2668 630 2704 senator.
665 2659 727 2705 lirat
744 2658 833 2704 denras
850 2657 941 2716 Clodii,

106 2733 164 2768 ante
173 2737 266 2783 paucos
276 2737 372 2769 menses
382 2731 465 2783 empta
477 2722 508 2770 de
517 2721 553 2769 M.
564 2723 665 2781 Scauro,
672 2723 698 2769 in
710 2724 815 2771 Palatio.
847 2724 944 2772 Eodem

106 2787 136 2834 T.
148 2787 275 2834 Munatius
292 2788 406 2844 Plancus,
418 2787 495 2834 frater
512 2787 541 2834 L.
554 2786 640 2835 Planci
658 2789 770 2847 oratoris,
782 2798 807 2835 et
825 2788 854 2847 Q.
867 2790 943 2835 Pom-

106 2853 174 2913 peius
188 2853 274 2910 Rufus,
285 2852 367 2898 Sullae
378 2852 506 2909 dictatoris
519 2866 552 2899 ex
566 2852 618 2899 filiu
630 2869 713 2914 nepos,
723 2854 815 2901 tribuni
827 2854 859 2914 pl.
870 2869 944 2901 accu-

106 2927 243 2974 currerunt,
257 2916 341 2977 eisqne
358 2915 514 2963 hortantibus
530 2917 617 2976 vulgus
634 2919 776 2980 imperitum
793 2934 881 2980 corpus
897 2933 944 2966 nu·

107 2982 165 3027 dnm
183 2997 212 3028 ac
227 2982 341 3039 lutatam,
354 2981 387 3027 sie
402 2988 428 3028 ut
441 2981 467 3026 In
480 2981 545 3027 lecto
559 2991 612 3030 erat
626 2985 740 3044 positum,
752 2993 780 3031 nt
793 2984 895 3030 vulnera
907 2983 942 3030 ri·

106 3046 158 3092 deri
174 3055 282 3106 possent,
294 3046 414 3092 inferum
429 3045 518 3092 detulit
535 3055 560 3091 et
574 3047 598 3093 in
616 3049 804 3110 rostris'posuit.
841 3049 879 3096 Ibi
898 3064 943 3110 pro

106 3111 222 3156 contione
241 3111 347 3157 Plancus
364 3119 389 3156 et
406 3110 548 3170 Pompeius,
563 3111 605 3171 qni
624 3115 823 3174 competitoribus
840 3114 944 3162 Milonis

91 3174 239 3234 studebant,
251 3175 374 3223 inridiam
383 3175 473 3224 Miloni
484 3175 604 3223 fecerunt.
632 3177 740 3238 Populus
751 3178 814 3224 duce
822 3178 938 3225 Sextio
