1988 3480
63 117 110 164 1211
218 115 288 165 PRO
304 114 444 165 ARCHIA
461 114 579 169 Poura
596 114 737 164 ORATIO.

61 214 239 287 confinnant‚
257 216 354 292 itaque
378 216 464 273 etiam
485 216 634 275 delubrum
656 216 716 273 eius
736 217 766 272 in
788 218 896 293 oppido

62 296 280 353 dedicaverunt:
302 297 436 372 permulti
453 296 501 352 alii
538 302 662 353 raeterea
677 304 806 372 pugnant
823 298 896 354 inter

62 395 91 432 se
112 384 197 452 atque
219 375 405 433 contendunt.
448 376 499 432 IX.
517 316 595 453 llrgo
616 375 658 432 illi
682 375 814 446 alienum,
831 378 897 453 quia

62 462 149 532 poeta
165 456 229 529 fuit,
241 463 309 533 post
325 463 447 512 mortem
469 457 555 514 etiam
577 464 729 533 expetunt:
752 476 804 513 nos
821 457 897 514 hunc

61 535 172 605 vivum,·
183 536 232 612 qui
253 542 282 592 ct
298 535 444 593 voluntate
458 543 487 592 et
503 536 613 613 legibus
634 544 731 593 noster
751 543 801 607 est,
817 556 897 612 repu-

61 615 189 671 dianiusl
208 615 374 692 praesertim
392 634 458 672 cum
475 635 560 673 omne
578 616 646 673 olim
664 616 790 672 studium
812 624 896 691 atque

61 713 145 751 omne
166 695 315 770 ingenium
339 695 491 753 contulerit
511 695 632 753 Archias
660 696 697 752 ad
718 695 818 772 populi
841 695 897 751 Ro-

60 773 138 830 mani
166 774 287 850 gloriam
314 774 485 852 laudemque
512 775 727 832 celebrandam?
768 774 842 830 Nam
868 783 896 832 ct

60 852 218 910 Cimbricas
234 872 278 911 res
295 853 458 912 adolescens
474 855 571 930 attigit
588 862 616 911 et
630 854 684 931 ipsi
700 853 740 910 illi
755 853 785 910 Ο.
795 854 894 925 Maria,

61 933 110 1009 qui
131 933 229 990 durior
249 932 371 991 adhaec
391 935 486 992 studia
502 933 657 1004 videbatur,
673 933 813 990 iucundus
830 934 894 991 fuit.

61 1018 107 1069 20.
124 1012 224 1089 Neque
242 1013 319 1070 enim
336 1014 486 1090 quisquam
504 1020 547 1070 est
562 1021 622 1069 tam
643 1033 756 1070 aversus
773 1033 789 1068 a
806 1013 895 1069 hlusis

61 1092 183 1168 quinon
196 1092 325 1149 mandari
336 1092 462 1151 versibus
476 1099 622 1150 aeternum
636 1112 752 1148 suorum
766 1092 895 1148 laborum

60 1171 144 1228 facile
171 1172 355 1248 praeconium
383 1173 513 1248 patiatur.
555 1170 778 1228 Themistoclem
805 1171 894 1243 illum,

61 1271 205 1308 summum
225 1251 350 1309 Athenis
370 1252 471 1322 virum,
487 1251 592 1308 dixisse
616 1251 704 1322 aiunt,
720 1270 784 1308 eum
806 1270 840 1308 cx
862 1271 896 1308 eo

61 1339 249 1408 quaereretur,
265 1332 342 1405 qaod
361 1349 493 1389 acroama
516 1338 569 1386 aut
592 1331 675 1387 caiae
699 1350 789 1386 rocem
814 1332 897 1387 libea-

62 1411 167 1468 tieeime
186 1412 308 1482 audiret,
320 1412 419 1481 elaea
440 1429 495 1483 qao
516 1429 569 1466 aaa
588 1412 681 1466 cirtae
701 1411 898 1484 1111111111-

60 1491 212 1549 dicaretur.
254 1490 355 1567 Itaque
372 1490 419 1551 ille
436 1489 543 1547 Marius
559 1491 630 1548 item
647 1490 750 1548 eximie
767 1490 797 1547 L.
809 1490 898 1548 Ploti-

60 1591 110 1628 um
127 1571 235 1642 diIexit,
248 1571 328 1628 cuius
344 1570 461 1649 ingenio
478 1570 598 1647 putabat
615 1590 655 1641 ea,
671 1590 743 1647 quae
763 1579 896 1647 gesserat,

60 1669 143 1728 posse
173 1651 315 1708 celebrari.
362 1657 408 1710 21.
431 1649 659 1707 Mithridaticum
686 1669 753 1707 vero
780 1650 896 1721 bellurn,

61 1749 197 1807 magnum
218 1738 304 1807 atque
323 1729 438 1791 difficile
458 1737 488 1786 11
508 1730 539 1786 11
560 1729 649 1786 multa
669 1731 803 1786 varietate
824 1737 899 1786 terra

60 1811 188 1886 marique
198 1815 352 1882 'versatum
363 1816 458 1867 totum
472 1809 508 1866 ab
522 1809 578 1866 hoe
592 1828 754 1885 expressum
769 1816 826 1865 est:
849 1810 898 1884 qui

61 1890 126 1946 libri
143 1909 201 1946 non
217 1889 305 1946 modo
322 1889 353 1947 L.
365 1887 523 1959 Lucullum,
535 1888 725 1945 fortissimum
739 1895 768 1944 et
782 1887 899 1944 clarissi-

60 1989 141 2026 mum
166 1970 266 2037 virum,
285 1987 383 2026 verum
408 1968 495 2024 etiam
520 1967 620 2044 populi
644 1967 768 2023 Romani
792 1986 897 2023 nomen

61 2049 138 2106 illust
139 2055 210 2105 rant.
247 2046 377 2126 Populus
393 2047 471 2103 enim
487 2046 635 2104 Romanus
651 2047 762 2123 aperuit
780 2045 898 2104 Lucullo

60 2129 202 2205 imperant
203 2147 218 2184 e
190 2128 360 2185 tPontum
375 2133 404 2183 et
417 2127 503 2203 regiis
517 2125 663 2204 quondam
678 2125 780 2202 opibus
795 2134 824 2184 11
838 2127 900 2203 ipsa

61 2216 162 2268 natura
172 2214 201 2264 et
211 2207 326 2285 regione
336 2206 488 2264 vallatum:
510 2205 611 2284 populi
622 2205 745 2263 Romani
760 2207 899 2264 exercit-us

62 2288 162 2345 eodem
174 2286 245 2345 duee
262 2306 319 2343 non
334 2287 460 2343 maxima
472 2305 559 2343 manu
570 2285 790 2343 innumerabiles
800 2286 901 2344 Arme-

62 2367 175 2424 niorum
189 2367 286 2445 copias
299 2367 393 2424 fudit:
415 2366 516 2444 populi
529 2366 654 2424 Romani
667 2365 728 2422 laus
743 2374 786 2424 est
800 2367 899 2424 urbem

62 2447 262 2505 amicissimam
273 2445 480 2524 Cyzicenorum
495 2446 622 2504 eiusdem
637 2445 757 2503 consilio
772 2467 805 2503 ex
820 2448 900 2504 omni

63 2527 173 2603 impetu
187 2527 266 2603 regio
280 2535 365 2604 atque
382 2527 472 2584 totius
485 2526 552 2584 belli
569 2545 617 2583 ore
632 2546 664 2583 ac
678 2526 809 2584 faucibus
824 2546 901 2604 orep

63 2612 123 2663 tarn
145 2626 204 2664 esse
221 2613 306 2683 atque
323 2613 477 2664 servatam:
499 2612 597 2663 nostra
612 2625 724 2682 semper
744 2607 852 2663 feretur
872 2614 901 2664 et
971 2611 973 2617 '

63 2685 272 2763 praedicabitur
292 2686 323 2743 L.
336 2686 454 2744 Lucullo
475 2686 630 2743 dimicante
651 2705 716 2742 cum
742 2686 901 2744 interfectis

64 2765 184 2822 ducibus
199 2766 331 2843 depressa
343 2767 470 2823 hostium
485 2765 582 2823 classis
596 2772 625 2822 et
639 2765 813 2822 incredibilis
824 2767 902 2843 apud

64 2845 212 2902 Tenedum
233 2865 331 2922 pugna
350 2845 399 2902 illa
418 2845 542 2902 navalis:
567 2851 665 2901 nostra
689 2853 755 2902 sunt
775 2853 899 2922 tropaea,

64 2932 161 2982 nostra
176 2932 371 3000 monumenta,
386 2932 451 2981 nost
439 2926 476 2982 tri
492 2924 640 3000 triumphi.
683 2923 762 2992 Quae
780 2944 900 3000 quorum

65 3006 187 3080 ingeniis
204 3006 325 3062 efferunt
313 3012 367 3076 tur,
383 3004 468 3061 abiis
484 3004 585 3081 populi
600 3004 724 3061 Romani
738 3004 817 3060 fama
833 3004 901 3060 cele-

64 3083 370 3142 1111111122011111
396 3085 454 3142 fuit
475 3085 614 3141 Africano
643 3084 781 3161 superiori
805 3091 901 3140 noster

47 3160 172 3230 Ennius,
188 3163 289 3239 itaque
307 3184 323 3223 e
325 3171 394 3223 ram
410 3164 440 3224 in
458 3163 589 3246 sepulcro
603 3163 773 3244 Scipionum
785 3169 901 3240 putatur
