1988 3480
72 114 103 160 74
230 109 268 159 IN
286 109 316 159 L.
333 108 536 158 CATILINAM
554 108 687 157 ORATIO
703 108 750 157 tv.

72 211 142 289 quid
151 230 205 285 ego
214 210 299 267 bosee
308 210 439 267 homines
448 209 618 286 ordinesque
627 228 838 283 commemoro,
848 231 925 291 quos

72 292 198 369 privatae
218 291 359 361 fortrmae,
372 310 443 367 qum
463 290 625 346 einuumnis
640 309 685 346 res
701 288 828 366 publica,
847 310 924 370 quos

72 372 195 448 denique
212 370 334 440 libertas,
350 391 382 426 ea
399 390 470 446 qirac
487 370 651 427 dulcissima
667 377 717 435 est,
733 369 771 427 ad
792 370 921 431 salutem

72 452 180 529 patriae
202 450 412 508 defendendam
437 450 590 507 excitavit?
631 449 734 507 Servus
757 456 804 507 est
828 470 921 511 nemo

72 532 120 608 qui
136 531 223 588 rutulo
237 530 376 588 tolerabili
392 529 560 586 condicione
575 530 612 587 sit
626 529 777 600 servitutis,
789 531 842 607 qui
857 551 920 589 non

72 611 217 668 arulaeiam
240 611 345 667 civium
368 609 570 686 perhorreseat,
589 610 638 686 qui
660 628 719 666 nen
743 608 816 667 haec
838 618 919 671 stare

71 692 175 768 cupiat,
192 692 241 767 qni
258 710 316 746 non
334 697 446 746 tantum
467 698 605 766 quantum
622 689 708 746 audet
724 696 753 747 et
769 698 918 766 quantum

72 780 167 848 potest
188 771 317 827 conferat
342 769 378 826 ad
401 788 582 826 eormmmem
604 769 723 825 salntem
744 768 916 831 voluntatis.

76 854 117 907 17.
135 852 198 917 Qua
219 870 247 906 re
269 850 292 905 si
315 869 399 925 quem
421 858 544 906 vestrum
567 849 643 905 forte
663 856 829 907 commovet
846 850 916 924 hoc,

72 930 149 1005 quod
161 929 290 986 auditum
303 940 353 998 est,
362 928 493 985 lenonem
503 928 655 1004 quemdam
668 927 780 985 Lentuli
794 948 917 989 concur-

72 1028 132 1064 sare
149 1009 254 1065 circum
273 1009 412 1078 tabernas,
424 1009 517 1085 pretio
535 1027 644 1084 sperare
661 1027 744 1084 pesse
764 1008 916 1069 sollicitari

72 1088 183 1145 animes
200 1089 344 1165 egentium
365 1097 450 1165 atque
468 1089 673 1164 imperitorum,
687 1094 729 1144 est
745 1088 776 1145 id
793 1089 914 1165 quidem

72 1177 206 1246 coeptum
220 1176 306 1246 atquc
317 1176 498 1245 temptatum,
508 1168 557 1224 sed
568 1168 637 1224 nulli
653 1175 720 1225 sunt
730 1168 840 1226 inventi
851 1176 914 1228 tarn

71 1257 121 1306 aut
131 1250 248 1307 fortuna
258 1249 353 1306 miseri
365 1256 414 1305 aut
425 1248 571 1305 voluntate
582 1248 686 1323 perditi
698 1248 747 1325 qui
758 1266 817 1305 non
828 1248 914 1307 illum

71 1329 164 1405 ipsum
178 1330 260 1386 sellae
272 1338 357 1405 aitque
368 1327 461 1405 opcris
473 1334 501 1384 et
513 1336 645 1404 quaestus
655 1328 792 1384 cotidiani
803 1326 913 1401 locum,

72 1410 120 1486 qui
132 1429 189 1466 non
201 1409 293 1467 cubile
308 1418 393 1485 atquc
404 1408 538 1465 lectulum
553 1425 643 1475 suum,
654 1408 703 1483 qui
714 1408 837 1485 denique
851 1428 913 1466 non

71 1509 183 1546 cursum
202 1490 277 1547 bunc
295 1489 420 1547 otiosum
437 1488 511 1544 vitae
529 1505 594 1543 suae
611 1485 720 1543 salvum
737 1507 796 1545 esse
811 1487 912 1548 velint.

71 1569 164 1628 Multo
176 1590 242 1628 vero
257 1570 382 1627 maxima
394 1589 460 1646 pars
474 1586 581 1633 oerum,
591 1567 638 1643 qui
654 1567 684 1622 in
694 1567 819 1625 tabernis
833 1576 911 1641 suut,

71 1651 126 1707 uisi
140 1651 279 1709 vcro—id
293 1651 369 1708 enim
384 1650 480 1726 petius
498 1656 540 1705 est
554 1646 838 1723 dicendum—genus
855 1647 913 1707 hee

71 1731 232 1788 universum
248 1730 474 1787 amantissimum
490 1734 533 1784 est
547 1727 607 1785 otii.
643 1727 758 1783 Etenim
773 1746 859 1785 omne
870 1728 913 1786 in·

72 1816 270 1878 strumentum,
283 1808 377 1866 omnis
394 1826 481 1882 opera
497 1814 582 1883 atquc
600 1813 733 1884 quaestus
749 1806 913 1883 frequentia

71 1889 177 1945 civium
196 1894 379 1957 sustentatur,
395 1886 480 1943 alitur
497 1887 575 1944 etio:
597 1906 718 1963 querum
736 1886 760 1943 si
777 1894 913 1963 quaestus

72 1967 191 2024 occlusis
212 1966 337 2023 tabernis
357 1965 450 2023 minui
471 1965 550 2038 solet,
564 1967 634 2044 quid
650 1966 766 2024 tandem
787 1967 912 2025 incensis

71 2047 201 2104 futirrum
216 2047 291 2103 fuit?

113 2132 158 2182 18.
175 2125 253 2193 Quae
271 2145 336 2183 cum
351 2127 392 2184 ita
406 2127 471 2198 sint,
483 2132 578 2204 patres
592 2127 755 2203 conscripti,
765 2126 847 2184 vebis
860 2145 913 2203 po·

71 2207 131 2284 puli
148 2205 272 2263 Romani
289 2206 429 2283 praesidia
449 2226 507 2264 non
529 2207 648 2264 desunt:
673 2226 725 2263 vos
745 2226 781 2263 ne
801 2206 911 2283 populo

71 2287 202 2344 Romano
225 2286 321 2344 deesse
343 2287 498 2344 videamini
521 2286 676 2362 providete.
720 2286 772 2343 lX.
789 2286 912 2345 Habetis

71 2367 216 2425 consulem
236 2386 270 2423 ex
291 2366 422 2443 plurimis
438 2366 571 2443 periculis
590 2373 619 2423 et
639 2366 751 2423 insidiis
769 2373 855 2443 atque
875 2386 912 2424 ex

71 2448 166 2505 media
179 2453 272 2504 morte
286 2465 344 2503 non
359 2447 395 2504 ad
409 2447 497 2504 vitam
513 2465 601 2517 suam,
614 2447 664 2503 scd
678 2446 715 2502 ad
732 2446 851 2503 salutem
866 2466 913 2504 ve-

71 2534 158 2583 stram
174 2532 365 2585 reservatum:
388 2546 487 2584 omnes
505 2525 618 2583 ordines
635 2526 672 2582 ad
689 2526 912 2584 conservandam

71 2624 130 2661 rem
147 2605 291 2682 publicam
308 2614 412 2678 mente,
425 2606 579 2676 voluntate,
596 2606 700 2676 stadie,
712 2607 825 2678 virtute,
842 2624 912 2664 voee

72 2685 269 2742 consentiunt:
292 2685 405 2743 obsessa
425 2686 537 2742 facibus
558 2691 586 2742 et
603 2685 668 2742 telis
689 2686 794 2763 impiae
815 2686 911 2744 ceniu-

71 2763 190 2820 rationis
201 2764 282 2821 vobis
294 2767 412 2842 supplex
423 2785 525 2822 manns
534 2764 627 2822 tendit
638 2766 729 2841 patria
740 2766 910 2837 communis,

72 2843 153 2900 vobis
164 2862 201 2913 sc,
213 2843 295 2901 vebis
305 2847 394 2902 vitam
409 2845 538 2901 emnium
553 2845 667 2916 civium,
679 2845 760 2902 vebis
774 2865 867 2903 aiacem
882 2853 911 2902 et

72 2922 255 2999 Capitolium,
268 2924 350 2982 vobis
366 2944 428 2982 aras
442 2924 604 2995 Penatium,
616 2925 698 2982 vobis
715 2926 811 3002 ignem
829 2926 909 2982 illum

72 3001 177 3060 Vestae
194 3003 407 3080 sempiternum,
420 3003 501 3059 vobis
518 3005 647 3062 omnium
666 3005 784 3062 deorum
804 3005 910 3081 templa

72 3087 157 3158 atque
178 3082 302 3154 delubra,
315 3084 397 3142 vebis
418 3102 516 3139 muros
538 3092 624 3161 atque
644 3085 723 3142 urbis
741 3091 817 3142 tecta
835 3104 910 3141 eom-

72 3161 195 3221 mandat
238 3162 388 3223 Praeterea
404 3163 440 3220 de
456 3170 549 3221 vestra
566 3166 631 3236 vita,
644 3165 680 3223 de
696 3165 851 3234 coniugum
867 3184 909 3221 ve
