2032 3472
91 129 140 177 258
168 127 206 176 IN
223 127 260 176 M.
275 125 468 176 ANTONIUM
485 125 619 192 ORATIO
636 125 848 176 PHILIPPICA
866 129 904 178 11.

91 239 171 285 mum
197 234 225 284 et
213 226 457 284 tnobilissimum
479 227 580 297 virum,
599 226 750 299 occideras,
767 227 937 332 multosque

92 315 243 385 praeterea,
260 307 308 383 qui
330 325 345 363 e
365 306 474 382 proelio
496 307 663 383 effugerant,
680 325 751 384 quos
772 306 886 380 Caesar,
902 317 936 368 ut

91 407 149 444 non
161 386 262 458 nullos,
273 387 392 443 fortasse
408 392 543 443 servasset
531 386 755 457 terudelissiine
766 397 937 463 persecutus

91 467 254 525 trucidaras.
297 465 409 558 Quibus
425 466 537 523 rebust
525 472 588 522 ttan
589 466 613 522 is
576 465 734 523 ttalibus
754 467 844 544 gestis
863 470 936 546 quid

90 548 148 604 fuit
165 566 264 604 causae
279 566 329 603 cur
345 547 374 602 in
389 546 520 603 Africam
535 545 684 603 Caesarem
698 565 757 603 non
774 567 934 624 sequerere,

91 647 156 685 cum
181 627 346 704 praesertim
368 626 434 683 beili
459 646 524 703 pars
548 633 629 683 tanta
653 627 788 684 restaret?
830 626 936 706 Itaque

92 728 175 785 quern
194 709 288 765 locum
306 707 404 784 apud'
397 726 491 783 1psum
507 706 656 763 Caesarem
670 713 737 782 post
754 707 815 764 eius
829 727 865 764 ex
880 709 937 766 Af-

90 789 148 845 rica
162 789 285 846 reditum
300 787 470 844 obtinuisti?
491 806 547 864 quo
564 805 684 843 nurnero
698 787 800 844 11113111
841 786 936 848 Cuius

90 876 122 926 tu
143 869 323 945 imperatoris
347 874 446 944 quaest
448 887 479 923 or
503 867 605 937 fueras,
624 867 772 924 dictatoris
794 868 936 945 magister

87 950 228 1025 equitum,
244 947 311 1004 belli
332 949 472 1024 princeps,
488 911 665 1004 crudelitatis
687 954 799 1018 auctor,
809 949 935 1024 praedae

90 1029 191 1098 socius,
203 1034 384 1098 testamento,
400 1034 433 1084 ut
453 1027 595 1107 dicebas
588 1047 657 1104 ipse,
673 1025 768 1099 111133,-
764 1027 935 1104 appellatus

90 1127 120 1164 es
137 1108 172 1164 de
189 1109 317 1184 pecunia,
331 1127 425 1185 quam
437 1101 517 1189 pro
507 1108 629 1164 domo
600 1126 673 1184 ,pro
687 1106 791 1180 hortis,
802 1120 877 1184 pro'
875 1112 936 1167 see·

90 1189 168 1245 tione
180 1187 310 1265 debebas,
348 1188 398 1245 71·
406 1187 505 1273 Primo
501 1180 681 1277 respondist
682 1187 787 1264 iplane
797 1188 936 1247 ferociter

90 1276 126 1340 et,
139 1289 175 1326 ne
192 1260 290 1325 omnia
305 1268 413 1326 videar
418 1266 486 1348 cont
487 1288 522 1326 ra
536 1270 573 1339 te',
590 1287 681 1347 prope
699 1268 821 1324 modum
842 1288 937 1347 aequa

90 1356 119 1406 et
144 1350 232 1427 iusta
239 1348 364 1425 dicebas.
407 1342 453 1405 Α
454 1360 501 1406 me
507 1347 681 1406 (1033331
688 1349 861 1424 pecuniam?
882 1369 936 1408 cur

90 1437 142 1505 pot
140 1430 187 1486 ius
205 1440 290 1522 quarn
307 1449 362 1506 ego
379 1428 414 1486 ab
431 1429 499 1485 11131
520 1448 555 1485 an
571 1428 856 1511 31131131113113111
891 1429 936 1489 At

91 1529 125 1566 ne
140 1510 237 1586 potuit
249 1510 372 1586 quidem.
411 1506 485 1601 Ego'
482 1501 525 1565 ad
539 1502 622 1565 illurn
627 1501 705 1593 b'elli
703 1501 936 1593 311111333333111
979 1558 984 1577 ,

90 1589 181 1660 attuli,
194 1609 248 1666 ego
254 1589 341 1666 leges
358 1589 531 1666 perniciosas
547 1589 654 1665 rogavi,
667 1609 723 1669 ego
736 1590 815 1647 aima
817 1582 937 1650 contra

91 1670 220 1727 33131133
241 1670 481 1747 imperatoresque
502 1668 603 1746 populi
622 1659 755 1740 Romani,
771 1668 872 1728 contra
893 1677 937 1729 3ο

90 1757 140 1806 nat
141 1769 189 1806 um
211 1750 407 1827 populumque
428 1749 600 1820 Romanum,
612 1756 713 1807 contra
733 1714 802 1807 deos
822 1751 936 1827 patrios

90 1849 208 1966 arasque
222 1837 251 1886 et
265 1831 354 1901 focos,
367 1837 467 1887 contra
480 1829 602 1907 patriam
616 1829 678 1887 tuli.
715 1829 794 1887 Num
808 1829 864 1887 sibi
878 1831 935 1888 soli

91 1910 177 1966 113111
218 1909 347 1978 Quorum
368 1911 480 1967 facinus
501 1916 544 1967 est
565 1929 726 1981 commune,
742 1929 792 1967 cur
812 1928 872 1967 non
893 1911 936 1969 sit

91 2009 189 2046 eorurn
200 1990 305 2065 praeda
319 1990 495 2046 communis?
529 1989 578 2046 Ius
592 1989 774 2066 postulabas·
796 1989 847 2046 sed
861 1991 935 2066 quid

90 2070 128 2125 ad
141 2070 219 2125 rem?
254 2068 323 2124 Plus
337 2069 384 2125 1113
399 2075 519 2145 poterat.
557 2069 572 2126 7
577 2077 603 2127 3.
619 2069 646 2126 It
634 2077 719 2147 taque
734 2069 859 2126 excussis
873 2071 935 2127 tuis

91 2147 208 2204 vocibus
229 2154 258 2204 et
278 2147 315 2204 ad
336 2155 364 2205 te
386 2156 415 2206 et
436 2148 473 2205 ad
489 2150 608 2226 praedes
628 2156 694 2206 tuos
714 2149 821 2206 milites
841 2149 933 2222 misit,

91 2247 156 2285 cum
178 2235 294 2305 repente
315 2248 332 2285 a
352 2235 381 2286 te
402 2230 545 2306 praeclara
565 2229 613 2286 illa
632 2228 730 2286 tabula
746 2229 859 2306 prolata
879 2237 933 2290 est.

91 2309 147 2377 Qui
156 2309 228 2366 risus
237 2309 404 2366 hominurn!
425 2316 536 2366 tautam
548 2329 607 2367 esse
616 2309 751 2380 tabulam,
759 2316 819 2366 tam
831 2310 933 2382 131133,

91 2397 150 2446 tarn
171 2389 276 2447 multas
297 2389 496 2466 possessiones,
512 2409 546 2447 ex
568 2389 671 2466 quibus
690 2396 802 2466 praeter
820 2397 934 2466 partem

91 2469 193 2526 Miseni
216 2470 288 2526 nihil
308 2477 367 2526 erat
384 2469 462 2546 quod
483 2470 581 2546 isqui
602 2470 822 2541 auctionaretur,
834 2478 935 2547 posset

91 2569 174 2605 suum
196 2550 296 2606 dicere
338 2549 417 2606 Auct
417 2550 492 2605 ionis
509 2570 575 2607 vero
596 2549 765 2607 miserabilis
782 2558 933 2627 aspectus:

91 2631 177 2685 vestis
193 2628 327 2706 Pompeii
344 2649 402 2685 non
420 2629 493 2687 mult
481 2637 511 2687 ta
527 2649 616 2707 eaque
636 2631 789 2701 maculosa,
802 2631 934 2689 eiusdem

92 2709 231 2785 quaedam
249 2717 383 2787 arcentes
399 2729 466 2767 vasa
485 2710 590 2781 collisa,
604 2710 718 2767 sordida
734 2710 934 2787 mancipiant

91 2788 252 2847 doleremus
272 2791 428 2868 quidquam
450 2810 510 2847 esse
527 2810 561 2847 ex
578 2755 634 2846 illis
650 2790 777 2867 reliquiis
797 2790 920 2866 quod
894 2811 935 2848 vr-

91 2868 157 2925 dcre
171 2889 327 2946 possemus.
365 2869 620 2927 castanetum
635 2869 797 2927 auctionem
813 2869 934 2928 heredes

91 2948 121 3005 L.
133 2949 234 3007 Rubrii
251 2951 347 3007 decret
335 2957 366 3007 to
383 2949 511 3006 Caesaris
528 2941 742 3026 prohibuerunt.
782 2948 934 3008 Haerebat

89 3029 212 3086 nebulo:
236 3028 291 3106 quo
306 3049 335 3086 33
347 3035 410 3103 -vert
412 3035 470 3086 eret
483 3037 553 3085 non
556 3028 688 3086 habebat.
720 3028 829 3097 Quin·
811 3049 847 3085 us
860 3029 933 3104 ipsis

75 3110 264 3185 temporibus
284 3110 368 3170 dorni
385 3110 520 3170 Caesaris
536 3118 690 3202 percussor
708 3108 744 3164 ab
758 3108 819 3162 isto
836 3107 947 3159 russeus

55 3185 267 3262 deprehensus
286 3194 469 3256 dicebatur
466 3213 534 3255 esse
551 3210 625 3252 cum
641 3189 712 3247 siea
748 3185 804 3242 DQ
818 3199 878 3254 1111)
889 3177 962 3231 Q
