1988 3480
71 118 104 166 60
229 116 268 167 IN
285 116 315 165 L.
331 112 535 166 CATILINAM
551 114 686 166 ORATIO
702 114 753 165 111.

72 217 207 296 putabat:
229 215 300 272 nihil
317 222 379 273 erat
393 215 470 294 quod
484 235 543 272 non
558 216 620 293 ipse
634 214 726 273 obiret
742 226 923 292 occurreret,

73 297 203 373 vigilaret
215 295 362 353 laboraret.
400 295 509 371 Frigus,
522 296 609 367 sitim,
621 296 728 353 famem
743 295 820 354 ferre
834 306 924 375 poto·

73 384 123 434 rut.
168 378 213 434 11.
229 376 317 433 Hunc
334 395 388 450 ego
402 375 549 432 hominem
564 384 624 433 tam
638 395 740 446 aerem,
752 382 814 434 tam
828 379 923 437 auda-

73 476 143 528 cem,
155 463 214 513 tam
229 463 368 533 paratum,
381 464 440 513 tarn
452 456 595 523 callidum,
608 465 667 513 tam
682 456 712 512 in
728 455 833 514 scelere
843 458 923 533 vigi·

74 536 187 608 lantem,
200 545 259 593 tam
274 537 303 593 in
318 536 438 613 perditis
452 535 536 593 rebus
553 536 731 611 diligentem,
743 536 800 593 nisi
815 556 851 593 ex
866 538 921 595 do-

72 617 198 675 mesticis
218 616 329 674 insidiis
349 617 379 673 in
400 624 540 673 castrense
559 616 740 672 latrocinium
761 616 921 694 compulis-

73 717 141 767 sem,
153 697 247 755 dicam
264 696 303 768 id,
316 696 395 773 quod
408 697 509 766 sentio,
522 696 655 766 Quirites,
667 714 725 752 non
740 695 826 753 facile
840 696 920 756 hanc

72 784 182 834 tantam
199 776 304 834 molem
321 776 390 833 mali
407 795 424 832 a
440 775 540 832 vestris
556 775 713 833 cervicibus
729 775 917 852 depulissem.

73 856 139 913 Non
157 856 204 912 ille
221 856 304 913 nohis
325 855 486 913 Saturnalia
506 855 708 927 constituisset,
720 874 814 933 neque
830 863 919 916 tanto

72 944 138 993 ante
160 936 240 993 exitii
256 955 288 993 ac
309 936 363 992 fati
381 935 457 992 diem
475 936 515 993 rei
536 934 666 1012 publicae
688 936 919 996 denuntiavisset

73 1034 165 1091 neque
180 1015 377 1085 commisisset,
389 1023 422 1072 ut
436 1016 558 1092 signum,
571 1024 603 1072 ut
618 1015 729 1073 litterae
745 1034 812 1073 suae
825 1023 918 1075 testes

73 1095 220 1151 manifesti
234 1094 346 1151 sceleris
359 1095 645 1172 deprehenderentur.
682 1095 762 1164 Quae
775 1115 853 1154 nunc
863 1096 917 1156 illo

73 1174 189 1232 absente
207 1175 246 1231 sic
267 1182 348 1251 gesta
368 1183 441 1247 sunt,
458 1183 490 1233 ut
510 1175 621 1233 nullum
642 1177 672 1232 iu
693 1176 805 1253 privata
824 1175 916 1236 domo

73 1255 184 1312 furtum
198 1274 335 1332 umquam
350 1255 387 1312 sit
398 1263 456 1312 tam
468 1256 562 1332 palam
574 1256 731 1327 inventum,
743 1274 828 1332 quam
841 1255 916 1315 haec

73 1342 155 1393 tanta
170 1335 200 1392 in
217 1355 248 1393 re
264 1335 380 1412 publica
396 1336 554 1393 coniuratio
571 1336 726 1393 manifesto
743 1336 861 1393 inventa
872 1342 917 1395 at-

74 1435 129 1492 que
139 1415 314 1492 deprehensa
324 1423 374 1473 est.
407 1414 491 1483 Quod
503 1416 526 1472 si
538 1415 662 1472 Catilina
672 1416 702 1472 in
713 1415 783 1473 urhe
793 1415 915 1474 adhunc

73 1496 151 1554 diem
173 1496 360 1567 remansisset,
379 1515 560 1572 quamquam,
579 1495 674 1572 quoad
695 1495 761 1566 fuit,
779 1495 916 1553 omnibus

74 1577 134 1633 eius
155 1576 281 1633 consiliis
302 1577 410 1634 occurri
431 1584 515 1652 atque
537 1575 644 1646 obstiti,
660 1582 765 1647 tamen,
780 1582 813 1633 ut
833 1574 915 1634 levis

74 1657 144 1714 sime
159 1657 261 1728 dicam,
272 1657 465 1714 dimicandum
477 1656 560 1713 nohis
571 1675 636 1712 cum
648 1654 696 1712 illo
708 1655 809 1713 fuisset
820 1675 914 1734 neque

73 1756 126 1793 nos
148 1756 292 1813 umquam,
308 1737 377 1793 dum
401 1735 447 1792 ille
468 1737 499 1793 in
524 1735 593 1793 urhe
617 1735 708 1792 hostis
728 1743 810 1808 esset,
824 1736 915 1794 tantis

73 1816 206 1893 periculis
223 1835 283 1872 rem
299 1815 443 1890 puhlieam
460 1822 541 1872 tanta
556 1835 634 1892 pace,
647 1823 728 1873 tanto
750 1816 819 1888 otio,
830 1822 914 1874 tanto

74 1896 187 1952 silentio
202 1894 405 1951 liberassemus

114 1973 197 2032 VlII.
236 1979 280 2028 18.
305 1971 485 2050 Quamquam
505 1973 575 2032 hacc
598 1975 702 2048 omnia,
722 1974 854 2047 Quirites,
871 1975 915 2034 ita

75 2061 141 2111 sunt
165 2073 182 2110 a
205 2071 252 2109 me
276 2053 479 2125 administrata,
501 2061 533 2112 ut
561 2055 679 2113 deorum
707 2055 914 2113 immortalium

74 2141 147 2191 nutu
164 2139 250 2210 atque
267 2133 385 2190 consilio
403 2140 432 2190 et
448 2141 528 2211 gesta
548 2143 577 2193 et
594 2135 708 2212 provisa
724 2155 784 2194 esso
800 2135 916 2193 videan-

75 2221 135 2271 tur:
158 2213 244 2290 idque
258 2232 323 2269 cum
338 2214 500 2271 coniectura
514 2216 649 2292 consequi
662 2234 822 2292 possumus,
834 2215 915 2294 quod

75 2295 122 2350 vix
139 2293 251 2350 videtur
267 2293 386 2351 humani
407 2295 518 2352 consilii
534 2302 678 2351 tantarum
699 2315 792 2352 rorum
813 2295 915 2373 guber-

75 2374 154 2431 natio
170 2393 229 2433 esse
243 2375 379 2451 potuisse,
395 2382 457 2431 tum
472 2393 538 2432 vero
553 2375 594 2431 ita
607 2381 769 2450 praesentes
783 2375 829 2432 his
842 2382 916 2432 tem·

75 2454 192 2530 poribus
203 2474 288 2532 opem
299 2461 328 2512 et
337 2455 472 2513 auxilium
485 2454 568 2511 nobis
578 2453 712 2523 tulerunt,
723 2462 756 2511 ut
765 2474 813 2512 eos
824 2473 915 2532 paene

76 2535 165 2592 oeulis
178 2536 274 2593 videre
288 2555 444 2612 possemus.
487 2534 562 2590 Nam
577 2539 610 2590 ut
623 2533 672 2590 illa
685 2535 827 2606 omittam,
840 2535 916 2592 visas

75 2621 215 2672 nocturno
240 2623 370 2693 tompore
394 2615 429 2672 ab
455 2615 602 2672 occidente
626 2615 703 2670 faces
727 2615 915 2692 ardoremque

76 2694 153 2763 caeli,
164 2701 196 2750 ut
210 2695 365 2752 fulminum
379 2696 478 2763 iactus,
489 2701 521 2750 ut
531 2701 621 2751 terrae
635 2701 731 2751 motus
745 2695 913 2772 relinquam,

76 2779 109 2829 ut
134 2773 266 2829 omittam
291 2782 391 2844 cetera,
410 2793 482 2851 quae
506 2774 547 2829 ita
570 2773 662 2830 multa
686 2774 769 2830 nohis
794 2774 916 2831 consuli-

76 2851 130 2908 hns
144 2853 220 2909 izieta
234 2860 307 2922 sunt,
321 2860 353 2910 ut
364 2853 441 2924 haee,
453 2872 523 2930 quac
535 2873 610 2910 nunc
620 2853 701 2926 fiunt,
713 2874 811 2911 canere
823 2856 851 2911 di
864 2855 914 2910 inr-

77 2931 209 2988 mortales
230 2933 400 3003 riderentur,
419 2933 473 2989 hoc
498 2940 580 3001 certe,
597 2932 729 3005 Quirites,
749 2936 826 3010 quod
851 2954 914 2990 snm

77 3012 212 3083 dicturus,
226 3032 316 3089 neque
338 3014 622 3089 praetermittendum
644 3033 736 3090 neque
757 3015 916 3090 relinquen-

77 3091 146 3147 dum
163 3100 212 3148 est.
257 3099 301 3150 19.
318 3093 392 3150 Nam
409 3094 539 3171 profecto
556 3093 696 3150 memoria
710 3095 819 3149 tenetis
830 3095 923 3146 Cotta

74 3179 104 3229 11
115 3171 258 3247 Torquato
272 3173 438 3234 consulibus
454 3174 621 3254 complures
634 3174 666 3230 in
677 3169 830 3245 Capitolio
840 3166 939 3220 11111
