1988 3480
204 114 281 162 llAl'.
298 115 632 177 xxxvr1.‚xxxvlll.‚
649 114 664 174 ἕ
679 115 767 165 78-83.
859 117 909 166 113

69 236 148 274 meus
171 215 349 273 consulatus:
376 215 466 273 nolite
488 215 561 273 mihi
583 215 747 273 subtrahere
769 216 906 274 vicarium

68 316 147 353 meae
162 295 342 370 diligentiae:
365 294 454 352 nolite
471 295 595 353 adimere
612 315 686 366 eum,
699 296 745 354 cui
761 297 907 374 rempub

67 376 149 433 licam
162 376 247 451 cupio
261 374 372 432 tradere
383 375 564 448 incolumem,
572 375 608 432 ab
619 375 664 432 his
675 377 762 433 tantis
772 376 906 454 periculis

67 455 286 513 defendendam,

107 534 281 593 XXXVIII.
333 540 378 592 81.
401 533 498 612 Atque
526 535 563 592 ad
585 535 654 592 haee
682 535 765 606 mala,
787 537 904 609 iudices,

67 617 137 692 qnid
154 615 270 673 accedat
285 614 364 672 aliud
377 633 436 671 non
453 615 574 671 videtis?
614 615 663 686 Τ6,
675 621 704 671 16
721 615 841 691 appelle,
854 616 906 674 Ca-

66 704 113 752 to:
142 715 238 752 nonne
262 695 401 772 prospicis
425 700 625 771 tempestatem
650 695 717 750 anni
741 695 803 752 1611
844 695 905 752 lam

66 776 142 831 66161
159 776 292 833 hesterna
310 775 443 832 contione
462 774 590 832 intonuit
608 793 664 830 vox
683 774 844 851 perniciosa
860 775 906 833 de

66 855 170 931 signati
191 855 306 926 tribuni,
325 855 449 931 collegae
470 854 529 911 tui:
555 861 760 931 contraquam
781 854 905 912 multum

65 940 115 991 tua
134 955 223 1006 niens,
242 935 364 993 multum
386 954 485 992 omnes
504 933 574 991 boni
594 934 789 1011 providerunt,
806 935 855 1012 qui
876 942 904 992 te
967 931 968 936 '

65 1015 102 1071 ad
122 1015 283 1072 tribunatus
306 1016 475 1091 petitionem
497 1021 676 1072 vocaverunt.
720 1021 766 1072 82.
789 1013 902 1088 Omnia,

65 1113 136 1170 quae
150 1114 201 1170 per
214 1095 269 1152 hoc
284 1096 440 1152 triennium
455 1095 563 1169 agitata
576 1101 651 1165 6661,
664 1094 720 1150 iam
735 1094 771 1151 ab
786 1102 904 1152 661661-

64 1192 141 1250 pore,
154 1195 210 1252 quo
231 1195 247 1232 a
266 1174 296 1232 L.
309 1175 433 1232 Catilina
452 1181 480 1232 et
497 1174 549 1231 Cn.
564 1174 669 1231 Pisone
688 1175 793 1231 initum
813 1176 904 1232 consi-

64 1253 134 1311 lium
154 1263 268 1312 senatus
287 1254 475 1312 interficiendi
493 1255 571 1311 scitis
591 1273 658 1324 csse,
671 1254 702 1310 16
721 1252 774 1310 hos
791 1254 860 1324 dies,
873 1255 902 1311 in

64 1333 116 1390 hos
136 1354 255 1406 menses,
274 1335 304 1391 in
324 1335 379 1391 hoc
404 1342 518 1409 tempus
542 1340 704 1410 erumpunt.
747 1332 803 1401 Qui
824 1333 903 1391 locus

63 1419 114 1483 est,
132 1414 248 1485 iudices,
265 1414 342 1490 quod
363 1421 485 1488 tempus,
502 1414 552 1490 qui
573 1414 642 1484 dies,
659 1432 731 1490 quae
752 1432 818 1484 nox,
837 1433 902 1471 cum

63 1511 117 1568 ego
135 1513 193 1549 non
212 1513 246 1550 ex
266 1494 386 1550 istorum
405 1493 516 1549 insidiis
532 1513 564 1550 ac
583 1492 768 1550 mucronibus
784 1512 843 1549 non
860 1513 903 1550 so·

63 1570 123 1628 lum
140 1591 213 1642 11166,
226 1572 276 1629 sed
289 1571 381 1629 multo
398 1573 485 1629 etiam
499 1573 591 1649 magis
605 1573 703 1630 divino
718 1572 837 1630 66661116
852 1573 903 1630 eri-

63 1652 124 1727 piar
138 1658 223 1728 atque
238 1652 366 1709 evoleml
392 1652 508 1730 'Neque
522 1653 570 1709 isti
584 1672 630 1709 me
648 1672 712 1709 meo
729 1653 846 1709 nomine
862 1652 903 1709 in-

63 1730 160 1801 terfici,
173 1732 223 1789 sed
237 1731 404 1808 vigilantem
419 1732 563 1789 consulem
576 1733 611 1789 de
626 1733 666 1789 rei
680 1731 810 1809 publicae
824 1751 903 1810 prae

63 1811 136 1867 sidio
156 1811 306 1868 demovere
327 1811 443 1869 volunt:
465 1831 517 1869 nec
537 1812 632 1870 minus
653 1812 765 1884 vellent,
778 1812 859 1884 Cato,
872 1820 901 1870 16

62 1910 175 1967 quoque
196 1891 291 1968 aliqua
311 1892 428 1962 ratione,
444 1891 468 1947 si
487 1899 611 1968 possent,
627 1892 742 1950 tollere:
764 1893 796 1950 id
813 1893 899 1970 quod,

61 1969 133 2026 mihi
148 1971 237 2042 crede,
249 1979 278 2029 et
292 1978 381 2048 agunt
395 1978 424 2028 et
438 1971 602 2030 moliuntur.
635 1972 746 2030 Vident
761 1979 900 2050 quantum

61 2050 133 2107 inte
150 2051 187 2108 sit
204 2052 301 2122 animi,
313 2058 450 2128 quantum
466 2052 581 2128 ingenii,
593 2059 732 2129 quantum
749 2053 896 2110 auetorita-

61 2131 105 2200 tis,
119 2138 258 2207 quantum
275 2132 315 2188 rei
333 2131 463 2207 publicae
479 2133 631 2209 praesidii:
653 2133 703 2190 sed
718 2152 783 2190 curn
800 2153 900 2191 eonsu-

61 2209 111 2267 lari
125 2212 293 2268 auctoritate
311 2219 339 2269 61
356 2211 462 2268 auxilio
477 2212 627 2288 spoliatam
642 2214 701 2270 vim
715 2213 899 2270 tribuniciam

61 2290 191 2361 viderint,
207 2297 269 2347 tum
289 2311 318 2348 se
335 2290 447 2348 facilius
466 2292 604 2348 inermem
624 2299 653 2349 et
669 2292 850 2349 debilitatum
870 2301 899 2350 te

61 2388 244 2445 oppressuros
261 2371 439 2427 arbitrantur.
483 2370 557 2427 Nam
575 2391 610 2427 ne
628 2371 783 2428 sufficiatur
799 2372 899 2429 consul

59 2468 117 2505 non
132 2450 242 2507 11616111.
276 2450 385 2507 Vident
399 2451 429 2506 in
443 2457 558 2507 tuorum
570 2458 711 2527 potestate
726 2450 898 2526 collegarum

58 2529 137 2585 fore:
158 2537 272 2606 sperant
286 2531 341 2586 sibi
355 2531 492 2600 Silanum,
505 2531 612 2587 clarum
627 2531 728 2601 virum,
741 2530 802 2586 sine
817 2530 899 2587 colle-

58 2627 102 2683 ga,
112 2614 140 2665 te
151 2610 212 2666 sine
226 2610 349 2680 consule,
360 2630 420 2667 1616
431 2610 575 2687 publicam
587 2611 647 2666 sine
658 2609 800 2686 praesidio
812 2610 898 2667 obiici

58 2707 149 2763 posse.
187 2696 232 2746 83.
249 2690 304 2746 His
318 2691 406 2747 tantis
420 2691 450 2746 in
465 2690 548 2747 rebus
562 2690 706 2766 tantisque
720 2689 751 2745 in
764 2689 898 2766 periculis

59 2774 102 2823 est
116 2773 206 2838 tuum,
219 2768 257 2825 M.
271 2770 351 2841 Cato,
365 2771 414 2847 qui
427 2770 500 2826 mihi
515 2789 572 2826 non
587 2769 649 2840 tibi,
662 2769 713 2826 sed
726 2770 834 2846 patriae
851 2789 898 2826 na-

58 2854 105 2902 tus
121 2866 181 2903 esse
197 2849 309 2920 videris,
322 2851 416 2907 videre
434 2850 504 2927 quid
520 2856 628 2926 agatur,
644 2849 771 2919 retinere,
788 2849 898 2906 adiuto-

57 2945 126 2996 rem,
137 2927 325 3000 defensorem,
336 2931 443 2986 socium
459 2931 488 2986 in
502 2950 532 2987 re
546 2929 668 3006 publiea,
679 2929 824 2986 consulem
838 2949 897 2986 non

58 3007 203 3082 cupidum,
215 3009 368 3079 consulein,
380 3010 458 3086 quod
467 3010 591 3066 maxime
606 3016 720 3085 tempus
730 3008 786 3066 hoe
800 3016 897 3085 postu.

58 3086 104 3156 lat,
115 3087 232 3144 fortuna
246 3090 433 3145 constitutum
449 3090 484 3146 ad
499 3090 719 3166 amplexandum
735 3089 835 3160 otium,
846 3089 897 3146 sci-

58 3167 135 3223 entia
148 3167 184 3223 ad
199 3167 303 3225 bellurn
320 3169 486 3245 gerendum,
495 3170 592 3228 6611116
607 3176 639 3227 et
649 3189 711 3227 usu
720 3169 764 3226 ab
771 3169 914 3241 manuue·

53 3245 88 3300 lis
102 3248 258 3320 ncpotiurn.
