1988 3480
304 117 382 167 cxx.
395 115 582 179 vr.-v111.,e
602 119 690 167 12-18.
890 123 922 170 u

74 222 139 280 farii
149 220 308 298 periculum
324 217 489 295 depellatur.
525 216 646 275 Dicatur
662 237 728 276 sane
742 219 849 277 eiectus
863 240 923 279 esse

74 321 158 372 ame,
171 302 242 358 dum
256 299 344 356 modo
360 304 406 355 eat
421 298 451 355 in
468 297 606 355 exsilium.
651 297 708 355 Sed
718 299 791 356 mihi
806 300 920 372 credite,

73 402 132 439 non
151 388 194 438 est
213 381 311 436 iturus.
357 378 523 455 Numquam
545 397 599 455 ego
620 398 638 434 a
653 378 697 435 dis
714 379 923 438 immortalibus

74 461 189 539 optabo,
202 459 335 530 Quirites,
350 458 474 516 invidiae
493 478 573 516 meae
588 457 723 515 levandae
740 466 876 531 causant
890 460 921 518 L.

74 541 227 599 Catilinam
244 538 346 596 ducere
365 539 521 595 exereitum
540 538 668 594 hostium
688 545 773 615 atque
790 539 820 597 in
837 541 923 596 armis

74 621 192 678 volitare
207 619 336 690 audiatis,
350 618 401 676 sed
413 617 509 675 triduo
522 625 619 674 tamen
634 618 764 689 audictis,
774 619 923 696 multoque

74 701 166 777 magis
179 699 251 757 illud
265 699 362 769 timeo,
374 718 410 756 ne
426 697 498 754 mihi
518 698 555 754 sit
571 697 745 755 invidiosum
760 698 921 774 aliquando,

75 779 153 857 quod
173 780 255 837 illum
282 779 425 836 emiserim
448 778 546 854 potius
573 797 659 854 quam
681 777 759 856 quod
783 778 920 836 eiecerim.

75 860 132 918 Sed
158 880 224 917 cum
252 859 310 916 sint
333 858 466 916 hemines
497 858 546 934 qui
573 857 663 929 illum,
686 877 751 915 eum
776 858 923 934 profectus

74 941 119 1010 sit,
135 941 258 997 eiectum
279 958 339 996 esse
363 939 468 1009 dicant,
488 938 585 1009 iidem,
603 938 627 995 si
647 938 816 995 interfectus
840 944 921 1008 esset,

75 1021 144 1096 quid
171 1020 319 1077 dicerent?
350 1023 395 1075 16.
410 1017 593 1094 Quamquam
623 1018 678 1089 isti,
697 1018 747 1094 qui
768 1017 921 1074 Catilinam
950 1026 952 1030 ’

74 1100 229 1157 Massiliam
243 1100 283 1157 irc
298 1094 441 1169 dictitant,
456 1118 513 1155 non
527 1105 587 1155 tam
599 1097 654 1156 hoc
669 1105 825 1175 queruntur
836 1117 922 1174 quam

74 1187 212 1238 verentur.
243 1180 336 1237 Nemo
348 1185 391 1236 est
402 1179 523 1236 istorum
537 1186 597 1235 tam
610 1178 769 1235 misericors
782 1178 830 1254 qui
841 1177 922 1234 illum

74 1279 131 1315 non
156 1259 193 1316 ad
215 1259 355 1316 Manlium
379 1278 464 1335 quam
491 1259 528 1315 ad
553 1258 742 1315 Massilienses
767 1258 806 1314 ire
830 1257 920 1314 malit.

75 1338 125 1396 1111
142 1345 246 1409 autem,
262 1339 286 1395 si
305 1358 351 1395 1111
369 1338 483 1394 hercule
501 1337 565 1408 hoc,
583 1338 661 1414 quod
680 1337 748 1413 agit,
764 1356 922 1413 numquam

74 1425 157 1475 antea
183 1419 344 1494 cogitasset,
368 1425 464 1474 tamen
495 1416 714 1474 latrocinantem
742 1437 771 1474 se
801 1415 922 1474 interfici
961 1456 966 1464 ·

75 1497 171 1554 mallet
192 1516 277 1574 quam
302 1496 428 1553 exsulem
454 1496 556 1553 vivere.
600 1497 685 1554 Nunc
710 1515 785 1567 vero,
806 1515 871 1553 eum
896 1495 922 1552 11

76 1577 149 1633 nihil
179 1577 272 1639 adhuc
302 1583 414 1654 praeter
441 1577 530 1653 ipsius
560 1578 737 1634 voluntatem
768 1578 917 1654 cogitatio-

76 1675 200 1733 nemque
219 1657 361 1727 aeeiderit,
378 1656 433 1712 nisi
453 1656 531 1732 quod
550 1656 621 1713 vivis
640 1656 723 1713 nobis
742 1656 836 1713 Roma
854 1675 918 1733 pro-

76 1737 170 1794 fectus
189 1742 240 1807 est,
257 1743 389 1813 optemus
406 1737 502 1812 potius
521 1743 554 1792 111
571 1743 617 1793 111
634 1736 663 1792 in
683 1736 813 1805 exsilium
831 1756 916 1813 quam

78 1835 235 1892 queramur.

117 1895 200 1954 VIII.
244 1895 289 1953 17.
312 1894 370 1953 Sed
387 1901 512 1953 curtam
530 1895 579 1953 diu
596 1895 632 1952 dc
651 1915 709 1952 uno
726 1895 809 1953 hoste
826 1896 918 1974 loqui-

76 1995 141 2033 mur
158 1983 187 2033 et
203 1976 239 2033 de
256 1995 290 2033 cc
306 1975 398 2047 hoste,
412 1976 460 2052 qui
474 1976 532 2032 iam
545 1975 653 2032 fatetur
670 1994 699 2032 se
716 1995 776 2033 esse
792 1977 915 2047 hostem,

76 2062 106 2114 et
117 2076 210 2133 quem,
222 2057 295 2133 quia,
307 2056 385 2132 quod
396 2075 507 2133 semper
517 2054 602 2126 volui,
613 2075 711 2112 murus
721 2056 848 2127 interest,
858 2076 916 2114 non

76 2137 182 2194 timeo:
203 2137 238 2194 de
253 2137 305 2207 his,
317 2137 366 2213 qui
377 2135 565 2205 dissimulant,
577 2135 625 2212 qui
636 2135 745 2193 Romae
759 2144 915 2208 remanent,

78 2217 126 2292 qui
151 2215 300 2273 nobiscum
325 2223 400 2286 sunt,
418 2215 489 2292 nihil
512 2214 653 2273 dicimusl
696 2214 776 2283 Quos
800 2217 916 2292 quidem

77 2315 140 2372 ego,
153 2297 177 2352 si
191 2296 249 2352 ullo
266 2296 354 2352 modo
368 2295 430 2353 fieri
443 2295 542 2372 possit,
554 2315 613 2352 non
627 2302 687 2352 tam
702 2295 800 2352 ulcisci
815 2297 917 2352 studeo

79 2394 164 2452 quam
185 2395 283 2432 sanare
302 2375 356 2432 sibi
373 2375 458 2452 ipsos,
474 2375 585 2452 placare
604 2377 644 2432 rei
661 2375 800 2451 publicae,
815 2394 916 2451 neque,

78 2455 109 2512 id
122 2474 178 2532 qua
191 2475 221 2512 re
234 2455 295 2512 ficri
309 2475 367 2512 non
381 2456 479 2532 possit,
491 2454 514 2511 si
528 2474 575 2512 me
589 2455 686 2512 audire
700 2454 805 2524 volent,
816 2454 917 2511 intelli-

77 2554 123 2610 go.
165 2535 316 2612 Exponam
330 2535 407 2593 enim
421 2534 510 2605 vobis,
523 2534 656 2605 Quirites,
669 2554 703 2591 ex
719 2534 821 2610 quibus
835 2553 918 2609 gene-

79 2614 156 2670 ribus
179 2615 330 2672 hominum
352 2616 423 2672 istae
448 2615 546 2691 copiae
571 2618 799 2691 comparentur:'
814 2613 918 2670 deinde

80 2694 197 2770 singulis
213 2695 385 2752 medicinam
403 2694 514 2751 corisilii
531 2701 616 2770 atque
634 2693 771 2750 orationis
789 2713 877 2764 meae,
894 2693 916 2749 si

79 2791 165 2850 quam
176 2781 285 2850 potero,
296 2774 430 2831 adferam.
469 2780 513 2831 18.
533 2773 633 2831 Unum
648 2793 738 2849 genus
752 2781 794 2831 est
808 2793 916 2843 eorum,

79 2853 130 2930 qui
142 2872 247 2929 magno
262 2854 291 2910 in
306 2872 369 2911 aere
383 2853 475 2910 alieno
489 2853 611 2910 maiores
625 2855 711 2910 etiam
725 2854 917 2930 possessiones

78 2932 193 3003 habent,
210 2952 329 3009 quarum
348 2953 444 2990 amore
464 2933 580 2990 adducti
598 2933 714 2990 dissolvi
731 2933 809 2990 nullo
828 2932 917 2989 modo

78 3020 206 3089 possunt.
241 3013 355 3070 Herum
365 3013 935 3095 hominumspecicscstlxouestu'xss'xmxa·=

78 3101 145 3150 sunt
162 3094 237 3151 enirn
255 3093 434 3173 locupletes:
454 3094 596 3153 uoluntas
610 3111 684 3150 uero
702 3098 737 3146 11
752 3103 847 3142 causa
857 3095 960 3143 mur·

65 3173 248 3236 ,doctissima
295 3176 342 3236 Tu
368 3178 460 3256 agris,
479 3184 518 3236 tu
535 3172 706 3238 1111111111,
720 3175 765 3223 te
785 3149 992 3229 ’11ἒῶωῆ
