1988 3480
296 141 373 189 cnr.
392 141 520 201 vra-x,
537 139 551 200 s
568 143 655 190 re-ar.
852 143 899 190 aaa

60 244 139 315 vivis,
151 244 201 300 sed
219 244 306 300 etiam
323 242 479 299 victoribus
495 243 647 299 incolumis
664 250 693 300 et
710 241 814 299 florens
835 242 898 299 civi·

60 331 103 380 tas
120 343 180 380 esse
197 329 301 398 posset.
345 326 391 379 24.
408 321 493 390 Quod
508 322 584 379 idem
602 323 761 398 contigerat
775 323 899 399 superio·

60 402 137 459 ribus
151 402 232 458 bellis
247 401 384 480 civilibus.
428 401 503 458 Nam
517 402 589 459 mihi
604 402 713 459 consuli
729 401 899 478 supplicatio

59 481 145 538 nullis
156 482 241 538 armis
256 481 378 558 sumptis
395 500 453 537 non
469 481 506 538 eb
521 482 635 538 caedem
650 481 786 553 hostium,
797 483 847 539 sed
862 482 899 539 ob

59 561 303 618 conservationem
321 561 426 618 civium
443 580 519 618 novo
537 567 565 617 et
582 560 712 617 inaudito
730 579 832 637 genere
853 562 899 619 de·

59 647 137 698 creta
164 647 214 698 est.
259 639 352 709 Quam
375 640 412 698 ob
435 660 496 698 rem
520 647 570 697 aut
597 640 768 717 supplicatio
794 642 830 697 ob
852 661 900 699 res

59 720 187 798 publicas
213 720 403 798 pulcherrime
434 727 528 797 gestas
554 719 767 796 postulantibus
794 722 900 778 nostris

59 801 277 876 imperatoribus
301 800 414 877 publice
435 800 603 877 deneganda
624 807 674 870 cst,
691 801 768 877 quod
788 808 899 877 praeter

59 879 214 937 Gabinium
236 881 359 957 contigit
375 880 491 951 nemini,
507 886 557 937 aut
578 880 786 957 supplicatione
807 880 900 937 decer-

59 959 153 1016 nenda
169 960 266 1017 hostes
283 980 340 1032 coe,
353 960 388 1018 de
406 958 509 1037 quibus
525 960 685 1031 decernitis,
699 961 831 1018 iudicetis
852 979 900 1017 ne-

59 1059 135 1096 cesse
147 1047 197 1097 est.
233 1039 285 1098 IX.
298 1039 383 1110 Quod
397 1059 465 1117 ergo
476 1039 524 1097 ille
537 1059 576 1112 re,
588 1040 619 1097 id
633 1059 687 1117 ego
698 1040 786 1097 etiam
800 1039 896 1110 verbo,

58 1138 124 1176 cum
145 1120 330 1197 imperatores
351 1140 400 1178 eos
420 1119 550 1198 appello:
571 1120 627 1177 hoc
648 1121 711 1196 ipso
732 1119 849 1176 nomine
870 1127 899 1177 et

57 1218 114 1270 eos,
126 1200 175 1276 qui
185 1201 243 1257 iam
254 1200 360 1257 devicti
375 1207 489 1271 suntet
503 1219 560 1270 cos,
569 1201 619 1277 qui
633 1207 792 1276 supersunt,
801 1199 900 1256 hostes

58 1279 163 1350 iudico,
179 1299 245 1336 cum
262 1279 384 1336 victores
405 1279 518 1355 appello
535 1279 727 1355 imperatores.
771 1285 817 1335 25.
834 1278 899 1346 Quo

59 1359 146 1414 modo
162 1359 238 1414 enim
253 1358 350 1434 potius
364 1358 487 1415 Pansam
502 1358 661 1435 appelleml
682 1358 735 1414 etsi
749 1357 836 1415 habet
850 1358 900 1414 ho-

60 1437 137 1492 noris
158 1456 263 1493 nornen
285 1437 461 1514 amplissimi.
504 1436 569 1505 Quo
590 1437 738 1495 Hirtium?
779 1437 831 1494 Est
850 1438 898 1495 illc

60 1516 177 1592 quidem
194 1516 301 1587 consul,
314 1516 363 1574 sed
380 1517 500 1574 altemm
520 1536 626 1574 nomen
643 1516 774 1574 beneficii
791 1525 833 1574 est
850 1537 900 1594 po-

60 1595 121 1671 puli
132 1595 264 1668 Romani,
276 1596 396 1653 alterum
407 1597 521 1653 virtutis
532 1603 618 1673 atque
628 1596 773 1654 victoriae.
805 1597 900 1665 Quid?

60 1674 218 1746 Caesarem,
231 1676 349 1733 deorum
364 1675 502 1733 beneficio
517 1675 698 1753 reipublicae
709 1683 898 1753 procreatum,
917 1709 926 1733 ι

60 1755 227 1812 dubitemne
247 1756 388 1832 appellare
405 1756 625 1833 imperatorem?
646 1756 696 1832 qui
714 1756 825 1832 primus
841 1756 901 1812 An·

60 1834 134 1891 tonii
148 1835 302 1892 immanem
317 1842 346 1892 et
359 1837 476 1892 foedam
491 1835 688 1893 crudelitatem
702 1855 761 1895 uon
777 1836 869 1893 solum
883 1856 901 1894 a

61 1914 166 1991 iugulis
187 1915 300 1986 nostris,
319 1915 369 1972 sed
392 1916 478 1972 etiam
499 1935 516 1972 a
538 1915 675 1972 membris
697 1922 726 1972 et
746 1916 900 1974 visceribus
939 1966 945 1975 .

59 1995 168 2051 avertit.
211 1994 306 2053 Unius
320 2002 415 2053 autern
431 1994 488 2051 diei
504 2002 574 2072 quot
588 2001 617 2052 et
632 2001 755 2072 quantae
770 1998 898 2068 virtutes,

59 2074 89 2131 di
103 2075 285 2146 immortales,
298 2075 429 2133 fuerunt!
466 2081 512 2132 26.
526 2074 663 2152 Princeps
677 2077 755 2134 enim
770 2077 899 2134 omnium

59 2154 153 2211 Pansa
174 2155 274 2230 proelii
294 2155 419 2211 faciendi
441 2163 470 2211 et
491 2175 555 2212 cum
573 2155 704 2214 Antonio
726 2155 899 2232 confligendi

59 2233 133 2289 fuit:
157 2234 261 2308 dignus
282 2233 437 2308 imperator
457 2234 570 2310 legione
590 2235 702 2306 Martia,
715 2237 803 2311 digna
824 2235 899 2310 legio

60 2312 238 2387 imperatore.
281 2312 370 2368 Cuius
387 2313 411 2368 si
425 2313 593 2369 acerrimum
608 2315 749 2389 impetum
767 2313 899 2370 cohibere

60 2391 155 2446 Pansa
165 2391 313 2467 potuisset,
326 2411 384 2448 uuo
398 2391 507 2467 proelio
522 2393 654 2448 confecta
667 2411 712 2448 res
726 2399 806 2448 esset.
843 2392 900 2449 Sed

60 2489 124 2527 cum
141 2470 281 2527 libertatis
300 2471 383 2527 avida
399 2471 474 2547 legio
494 2471 662 2528 effrenatius
678 2471 709 2527 in
730 2471 819 2528 aciem
836 2472 900 2528 hes-

60 2550 132 2606 tium
143 2550 289 2627 irrupisset
299 2551 416 2627 ipseque
425 2551 455 2606 in
464 2550 564 2626 primis
573 2550 667 2607 Pansa
675 2558 823 2626 pugnaret,
832 2550 900 2606 duo-

60 2628 114 2686 bus
127 2629 292 2705 periculosis
307 2629 470 2687 vulneribus
484 2629 606 2707 acceptis
620 2629 747 2687 sublatus
761 2649 776 2686 e
790 2629 913 2706 proelio

60 2708 248 2785 reipublicae
264 2710 352 2767 vitam
374 2709 534 2766 reservavit.
576 2709 639 2785 Ego
657 2729 723 2766 vere
741 2709 816 2765 hunc
837 2728 896 2764 non

61 2787 153 2845 solum
174 2789 384 2865 imperatorem,
401 2789 451 2846 sed
468 2788 554 2845 etiam
575 2788 762 2845 clarissimum
781 2789 901 2865 impera-

61 2873 152 2924 torem
164 2868 268 2938 iudieo,
280 2869 329 2945 qui
344 2888 409 2925 curn
424 2875 474 2925 aut
487 2874 580 2924 morte
594 2875 644 2924 aut
655 2868 773 2924 victoria
787 2886 816 2924 se
832 2867 900 2924 satis

60 2946 203 3004 facturum
228 2949 269 3004 rei
293 2948 424 3024 publicae
449 2947 658 3024 spopondisset,
675 2947 795 3004 alterum
819 2946 898 3014 fecit,

60 3026 175 3083 alterius
186 3027 216 3083 di
227 3027 402 3084 immortales
413 3046 497 3083 omen
512 3032 641 3083 avertant
653 3027 659 3084 l
694 3027 731 3084 X.
758 3026 804 3084 27.
822 3025 899 3094 Quid

59 3106 153 3163 dicam
168 3107 204 3164 dc
215 3107 334 3164 Hirtio?
356 3106 404 3183 qui
421 3125 451 3163 re
468 3105 596 3164 auditae
613 3107 716 3162 eastris
727 3107 806 3160 duas
812 3106 913 3172 teane-

59 3204 109 3242 nes
130 3186 229 3245 eduxit
250 3186 416 3246 incredibili
432 3186 534 3246 studio
551 3193 646 3264 atoue
657 3183 947 3248 mutuumupasaux
