1988 3480
379 117 458 169 cAP.
475 118 578 179 1.-111.,
595 116 609 177 ᾖ
625 120 680 168 1-1.
826 160 828 165 ,
933 118 949 168 ’3

110 241 158 281 1116
171 240 224 299 pro
238 220 454 292 necessitudine,
467 239 538 297 quae
551 218 624 276 mihi
638 225 682 276 est
695 237 761 276 cum
775 218 825 276 illo
840 220 948 293 ordino,

110 321 224 360 causam
246 301 287 358 rei
307 300 437 377 publicae
457 299 637 376 periculaque
658 318 752 356 rerum
771 319 884 356 suarum
903 302 950 358 do

111 382 254 440 tulerunt:
277 387 303 438 5.
321 379 485 456 Bithyniae,
502 399 573 456 quae
594 398 669 436 nuno
690 386 783 436 vestra
803 381 950 456 provincia

112 469 163 532 cst,
174 461 253 518 vicos
271 466 386 517 exustos
405 478 464 516 esse
481 458 657 535 complures:
679 478 798 534 regnum
816 459 950 517 Ariobar-

112 541 197 611 zanis,
210 540 288 618 quod
304 539 460 596 finitimum
476 545 519 596 est
533 539 633 596 vestris
647 539 841 615 vectigalibus,
848 546 948 598 totum

113 639 173 678 esse
191 620 221 677 iu
238 619 365 676 hostium
382 624 539 695 potestate:
562 617 593 676 L.
605 617 755 676 Lucullum
776 620 889 696 magnis
909 639 950 676 rc-

79 748 83 755 .
112 700 166 758 bus
175 699 264 776 gestis
277 698 313 756 ab
327 718 361 756 66
371 697 448 755 bello
461 697 621 755 discedere:
643 698 710 755 huic
722 699 770 775 qui
785 700 950 756 successerit

112 799 171 837 non
188 779 256 836 satis
276 797 336 836 6666
352 784 484 855 paratum
505 777 542 834 ad
561 784 675 835 tantum
691 778 798 835 bellum
816 779 951 835 adminis-

112 858 263 917 trandum:
285 877 375 915 unum
391 857 427 915 ab
442 857 576 914 omnibus
593 858 678 915 sociis
694 865 723 915 et
740 858 849 915 civibus
866 858 902 915 ad
918 858 949 915 id

111 938 219 996 bellum
238 938 439 1014 imperatorem
457 937 573 1014 deposci
594 944 679 1015 atque
701 939 803 1014 expeti,
816 938 949 995 eumdem

112 1018 188 1075 huno
202 1037 292 1075 uuum
306 1017 341 1075 ab
355 1016 485 1074 hostibus
498 1018 597 1088 metui,
609 1024 754 1094 praeterea
767 1018 919 1074 neminem.

153 1103 178 1154 6.
198 1097 291 1154 Causa
304 1117 376 1174 quae
391 1097 428 1155 sit
438 1097 558 1154 videtis:
580 1116 656 1155 nuno
672 1097 741 1174 quid
755 1097 898 1174 agendum
913 1097 950 1154 sit

112 1177 296 1234 considerate.
338 1176 471 1234 Primum
484 1177 557 1234 mihi
571 1176 684 1235 videtur
701 1177 737 1234 de
753 1196 856 1253 genere
873 1177 948 1248 belli,

113 1256 216 1314 deinde
229 1256 264 1314 de
278 1257 485 1334 magnitudine,
495 1264 559 1314 tum
570 1256 606 1314 de
616 1257 787 1333 imperatore
798 1255 950 1332 deligendo

112 1356 172 1394 6666
196 1336 358 1407 dicendum.
400 1336 499 1394 Genus
522 1344 566 1394 661
586 1336 654 1393 belli
678 1336 739 1393 61116
762 1336 851 1406 modi,
873 1336 957 1412 quod·

112 1417 236 1473 maxime
246 1424 356 1473 vestros
370 1417 481 1473 animos
495 1416 617 1474 excitare
631 1423 717 1492 atque
727 1415 903 1472 inflammare
914 1415 951 1472 ad

113 1496 301 1571 persequendi
322 1494 588 1553 studium'dobeat:
610 1496 640 1551 in
661 1514 718 1571 quo
739 1496 834 1570 agitur
850 1494 951 1571 populi

113 1573 237 1631 Romani
255 1575 354 1650 gloria,
367 1593 438 1650 quae
455 1573 536 1630 vobis
554 1593 572 1630 a
589 1573 745 1630 maioribus
763 1593 827 1630 cum
847 1593 952 1650 magna

114 1653 144 1709 in
159 1653 295 1722 omnibus
311 1653 395 1710 rebus
411 1659 474 1709 tum
491 1671 603 1708 summa
620 1653 650 1709 in
668 1651 830 1709 remilitari
847 1653 952 1710 tradita

114 1739 173 1790 est:
195 1733 290 1810 agitur
304 1733 378 1790 salus
393 1732 535 1789 sociorum
549 1739 635 1809 atquo
651 1732 816 1800 amicorum,
829 1751 881 1808 pro
897 1752 952 1809 qua

113 1812 205 1870 multa
225 1813 347 1870 maiores
368 1812 454 1869 vestri
475 1831 581 1888 magna
602 1819 631 1869 et
651 1811 748 1888 gravia
767 1811 841 1868 bella
861 1831 952 1888 gesse·

113 1899 199 1949 runt:
224 1899 349 1969 aguntur
367 1891 525 1949 certissima
544 1891 644 1968 populi
662 1890 787 1948 Romani
803 1891 952 1968 vectigalia

114 1972 286 2042 6116611616,
299 1971 402 2049 quibus
416 1971 527 2027 amissis
541 1978 570 2029 61
579 1971 658 2048 pacis
672 1977 839 2028 ornamenta
849 1978 877 2028 61
889 1971 952 2028 sub-

114 2052 187 2109 sidia
196 2052 264 2110 belli
274 2051 437 2128 requiretis:
455 2057 579 2126 aguntur
586 2050 663 2107 bona
670 2050 825 2107 multorum
837 2050 950 2122 civium,

115 2132 218 2208 quihus
234 2139 278 2190 est
294 2151 311 2189 a
327 2131 409 2188 vobis
428 2137 457 2187 et
472 2131 600 2207 ipsorum
618 2137 647 2187 61
663 2131 704 2187 161
720 2129 850 2206 publicae
868 2149 953 2188 causa

115 2212 329 2269 consulendum.
365 2211 418 2268 HI.
453 2210 529 2268 161
544 2210 679 2286 quoniam
693 2228 806 2285 semper
818 2216 953 2286 appeten-

114 2298 158 2349 tes
174 2291 281 2368 gloriae
298 2297 410 2367 praeter
426 2296 533 2347 ceteras
548 2296 649 2366 gentes
665 2296 750 2366 atque
767 2289 844 2345 avidi
860 2288 952 2345 laudis
973 2306 976 2311 ·

114 2371 219 2442 11116116,
238 2370 359 2428 delenda
383 2377 426 2427 est
448 2369 530 2426 vobis
554 2368 603 2426 illa
623 2369 735 2426 macula
756 2367 951 2425 Mithridatico

115 2451 190 2509 bello
205 2451 349 2528 superiore
362 2455 508 2526 concepta,
521 2468 593 2524 quae
604 2449 719 2525 penitus
732 2449 790 2505 iam
804 2448 909 2504 insedit
920 2466 952 2504 ao

115 2531 201 2587 nimis
215 2530 383 2588 inveteravit
396 2530 427 2586 in
440 2529 541 2606 populi
552 2528 676 2585 Romani
689 2528 814 2598 nomine,
827 2526 904 2603 quod
918 2528 950 2596 16,

117 2611 166 2686 qui
179 2630 237 2668 uno
251 2610 299 2667 die
313 2616 376 2667 tota
389 2609 419 2666 in
434 2609 512 2678 Asia,
524 2614 569 2666 tot
583 2608 613 2664 in
627 2607 798 2677 civitatibus,
810 2625 869 2662 uno
882 2626 953 2663 nun-

116 2689 158 2745 tio
168 2696 253 2766 atque
264 2708 322 2746 una
335 2687 542 2765 significatione
553 2687 710 2744 litterarum
722 2687 796 2744 cives
807 2686 952 2743 Romanos

117 2769 259 2825 necandos
273 2769 514 2844 trucidandosque
525 2767 680 2838 denotavit,
691 2786 749 2823 non
759 2767 848 2823 modo
859 2765 952 2823 adhuc

116 2865 240 2923 poenam
256 2848 363 2904 nullam
383 2867 435 2904 suo
452 2848 569 2923 dignam
585 2847 688 2904 scelere
705 2847 838 2923 suscepit,
851 2845 900 2902 sed
917 2844 952 2902 ab

117 2925 166 2984 illo
183 2933 312 3002 tempore
332 2947 440 2984 aunum
456 2928 514 2984 iam
532 2927 648 2984 tertium
665 2933 694 2983 et
710 2926 876 2982 vicesimum
893 2943 954 2999 reg-

117 3012 167 3063 nat
178 3012 206 3063 et
220 3005 261 3062 ita
274 3014 381 3082 regnat,
394 3013 427 3064 ut
441 3026 470 3064 66
485 3026 543 3063 11611
554 3006 643 3063 Ponti
653 3025 744 3082 neque
756 3004 953 3080 Cappadociae

116 3085 232 3143 latebris
246 3086 386 3144 occultare
399 3086 476 3157 velit,
488 3086 538 3142 sed
552 3104 695 3160 emergere
709 3085 854 3156 cupatrio
865 3103 963 3147 16666

116 3173 202 3244 atquo
223 3164 254 3226 iu
271 3165 374 3226 vestris
387 3164 668 3246 uectigalhsus‚hoe
687 3160 795 3226 eston
814 3151 984 3208 &ww
