1988 3480
71 117 118 165 242
143 115 182 165 IN
202 115 239 165 Μ.
254 113 447 167 ANTONIUM
463 111 599 163 ORATIO
616 112 849 166 PHILIPPICA
866 115 901 165 11.

71 225 140 275 nota
164 216 275 274 multis:
303 215 431 283 lirinum,
451 214 500 272 Ca.
514 214 644 288 Pompei,
659 234 732 272 cum
757 216 793 276 0.
810 217 922 276 Caesare

71 299 225 354 socierurun
242 304 295 351 uret
312 314 470 369 riurnquom
484 297 581 350 coisses
597 302 652 350 aut
665 314 842 370 numquam
856 299 922 355 dire

71 375 186 432 misses!
221 375 294 431 Fau
305 376 428 431 alterum
440 373 601 447 pravitatis,
611 375 922 450 alterumpradentr'oe

73 464 143 513 tune.
187 455 265 512 llaec
284 474 354 524 mea,
366 454 403 512 bl.
415 453 534 522 Antoni,
547 472 661 530 semper
676 456 764 514 etde
780 457 921 536 Pompeio

71 535 150 593 etde
165 555 194 592 re
208 535 322 612 publica
336 534 454 591 consilia
467 533 600 590 fuerunt:
622 553 698 611 qnae
714 535 741 592 si
756 537 920 608 valuissent,

72 636 116 673 res
137 615 252 693 publica
272 622 368 686 staret,
380 622 413 671 tu
429 613 487 672 tuis
507 613 632 690 flagitiis,
644 622 790 691 egestate,
802 614 922 675 infamia

72 695 250 754 concidisses

112 776 165 836 XL
198 783 243 833 25.
257 774 314 832 Sed
328 774 397 831 baec
412 780 515 844 vetera,
527 773 597 830 illud
612 792 680 830 vero
694 793 810 847 recens,
824 776 921 834 Caesa-

72 875 131 913 rem
153 875 218 911 meo
239 855 359 912 consilio
381 854 572 912 interfectum.
615 853 677 909 Iam
699 873 815 926 vereor,
827 861 920 934 patres

73 935 235 1010 conscripti,
246 954 290 1003 ne,
301 934 379 1011 quod
390 934 586 1010 turpissimum
598 941 649 1003 est,
657 936 918 1010 praevaricatorem

72 1014 144 1070 mihi
161 1015 327 1090 apposuisse
343 1013 447 1083 videar,
458 1015 506 1090 qni
522 1032 640 1070 menon
658 1013 756 1070 solum
771 1017 849 1073 meis
865 1016 919 1074 lau·

73 1093 156 1150 dibus
170 1101 290 1163 ornaret,
301 1093 350 1150 scd
362 1093 447 1150 etiam
463 1101 592 1151 oneraret
606 1092 714 1150 alienis.
753 1094 830 1163 Quis
844 1097 919 1154 enim

72 1193 169 1231 meum
185 1173 214 1231 in
229 1174 284 1230 ista
297 1173 431 1230 socictate
448 1172 646 1248 gloriosissimi
660 1172 732 1229 facti
748 1193 860 1232 nomen
875 1195 919 1232 au-

73 1255 164 1313 divitl
194 1254 283 1311 Cuius
293 1261 397 1324 autem,
409 1253 498 1329 quiin
510 1272 544 1310 co
555 1271 674 1309 numero
685 1252 802 1324 fuisset,
812 1274 917 1313 nomeu

73 1342 117 1392 est
128 1334 320 1392 occultatuml
351 1332 532 1391 Occultatnm
544 1331 628 1390 dieol
648 1332 730 1389 euius
744 1352 806 1391 non
819 1336 918 1392 statim

74 1415 274 1491 divulgatuml
314 1413 408 1470 Citius
424 1412 544 1469 dixerim
561 1413 680 1469 iactasse
697 1430 727 1468 se
745 1413 872 1491 aliquos,
887 1421 918 1472 nt

74 1495 162 1551 fuisse
185 1496 213 1551 in
237 1513 270 1551 ea
292 1493 426 1550 societate
447 1492 617 1561 viderentur,
635 1510 701 1548 eum
724 1495 837 1552 conscii
860 1515 918 1552 non

74 1574 204 1643 fuissent,
217 1593 302 1650 quam
320 1579 352 1630 ut
369 1572 518 1648 quisquam
536 1571 619 1634 celari
633 1571 719 1629 vellet
735 1574 788 1649 qui
804 1575 916 1633 fnisset

75 1659 121 1710 26.
135 1652 227 1721 Quam
239 1653 297 1710 veri
312 1652 403 1709 simile
417 1671 503 1729 porro
518 1651 604 1708 estin
618 1658 664 1709 tot
674 1651 845 1712 bominibus
856 1675 919 1732 par-

74 1734 128 1791 tim
148 1733 275 1789 obscuris
291 1732 395 1810 partim
417 1731 644 1788 adolescentibus
660 1732 808 1790 neminem
825 1735 920 1792 occul·

74 1812 202 1870 tontibus
222 1831 319 1868 meum
340 1830 446 1868 nomen
462 1811 549 1868 latere
565 1811 711 1888 potuissel
751 1812 874 1871 Etenim
894 1814 919 1872 si

75 1900 204 1951 auctores
224 1892 261 1948 ad
280 1890 454 1949 liberandam
473 1891 595 1968 patriam
614 1891 845 1956 desiderarentur
862 1893 919 1950 illis

75 1972 226 2050 actoribus,
237 1971 344 2028 Brutos
357 1989 411 2046 ego
423 1970 605 2047 impellerem,
617 1990 739 2048 quorum
750 1979 874 2049 uterque
886 1973 918 2030 L

75 2051 160 2108 Bruti
177 2051 330 2126 imaginem
348 2050 454 2107 cotidie
469 2051 584 2122 videret,
597 2052 668 2108 alter
683 2051 771 2108 etiam
785 2051 919 2110 Ahalael

75 2131 116 2187 Hi
134 2130 221 2206 igitur
238 2129 283 2185 his
298 2129 455 2186 maioribus
472 2129 508 2186 ab
524 2130 623 2188 alienis
644 2131 742 2208 potius
763 2132 919 2188 consilium

75 2217 205 2287 peterent
227 2228 312 2285 quam
333 2228 350 2265 a
368 2209 426 2266 suis
447 2216 476 2266 et
497 2211 569 2267 foris
589 2211 686 2288 potius
707 2229 794 2287 quam
808 2211 919 2269 domol

76 2290 173 2359 Quidl
221 2290 252 2346 C.
269 2288 391 2359 Cassius,
410 2289 440 2346 iu
464 2309 497 2347 ea
520 2291 630 2348 familia
654 2297 746 2360 natus,
763 2309 836 2366 quae
857 2310 919 2348 non

75 2371 164 2427 modo
185 2370 372 2441 dominatum,
388 2369 438 2426 sed
456 2389 492 2426 ne
510 2371 670 2447 potentiam
690 2369 807 2447 quidem
825 2371 920 2427 cuius·

77 2470 162 2527 quam
179 2452 253 2508 ferre
269 2449 375 2527 potuit,
387 2469 434 2506 me
454 2457 608 2521 auctorem,
620 2450 714 2520 credo,
726 2449 919 2508 desideravit:

39 2565 47 2577 ·
78 2531 126 2606 qui
143 2531 227 2600 ctiam
247 2530 307 2588 sine
320 2529 366 2586 his
383 2529 545 2587 clarissimis
561 2530 628 2587 viris
641 2529 715 2587 banc
729 2548 789 2586 rem
803 2529 835 2585 in
850 2529 920 2587 Cili-

77 2610 120 2665 cia
140 2609 176 2666 ad
194 2610 299 2667 ostium
316 2609 443 2667 fluminis
460 2609 555 2686 Cydni
576 2609 754 2680 confecisset,
769 2609 794 2666 si
813 2608 862 2666 ille
881 2609 920 2667 ad

77 2708 138 2745 eam
165 2689 265 2764 ripam,
281 2709 367 2765 qnam
393 2691 587 2759 constituerat,
602 2708 660 2746 non
683 2689 720 2746 ad
744 2690 919 2746 contrariam

77 2786 161 2824 naves
178 2769 342 2844 appulisset.
386 2769 432 2826 27.
449 2769 501 2826 Cn.
513 2769 676 2846 Domitium
694 2788 752 2825 non
769 2769 921 2845 patrissin·

77 2847 185 2918 teritus,
198 2849 346 2906 clarissimi
360 2849 421 2920 viri,
430 2869 488 2906 non
503 2849 634 2906 avunculi
648 2866 733 2919 mors,
742 2867 800 2905 non
815 2849 921 2926 spolia·

76 2927 119 2984 tio
137 2928 286 3005 dignitatis
306 2929 343 2985 ad
360 2929 580 3006 recuperandam
597 2929 766 2999 libertatem,
782 2928 834 2985 sed
853 2947 920 2986 mea

78 3009 231 3066 auctoritas
246 3009 398 3066 excitavit?
437 3008 485 3064 An
500 3007 532 3065 C.
543 3008 686 3065 Trebonio
703 3028 758 3085 ego
772 3009 919 3085 persuasil

78 3089 124 3145 cui
148 3108 184 3146 ne
208 3089 326 3146 suadere
352 3088 467 3166 quidem
492 3107 576 3144 ausus
598 3108 696 3145 essem.
740 3087 805 3156 Quo
830 3089 920 3145 etiam

78 3169 214 3226 maiorem
230 3169 256 3225 ei
270 3187 314 3225 res
328 3168 442 3244 publica
455 3167 575 3244 gratiam
587 3167 681 3235 debet,
693 3168 744 3242 quii
755 3168 920 3225 libertatem
