1988 3480
97 115 146 162 eie
244 110 314 160 rso
331 108 425 185 naen
442 107 627 160 nmorsro
643 108 793 161 orario.

99 224 173 287 sunt,
191 216 283 274 multo
310 215 404 292 magis
430 212 733 272 commemorabuntur
758 215 794 273 in
822 218 954 295 regibus.

98 299 217 373 Semper
233 297 343 374 regium
360 314 466 353 nomen
483 295 512 351 in
527 294 580 351 hac
596 294 712 351 civitate
726 303 869 355 sanctum
886 301 951 372 fuit,

98 377 238 433 sociorum
264 396 335 434 vero
356 395 456 453 regum
480 382 510 432 et
533 374 691 431 amicorum
716 377 948 438 sanctissimum.

98 456 165 514 XV.
197 462 243 513 41.
255 455 341 525 Quod
355 475 459 513 nomen
475 455 505 512 hi
519 474 599 531 reges
613 473 649 512 ne
663 455 838 515 amitterent
853 466 884 516 te
896 461 950 517 vic·

96 545 159 594 tore
180 536 345 605 timuerunt,
361 542 502 592 retentum
524 554 590 592 vero
609 541 638 592 et
655 554 672 592 a
690 543 720 593 te
735 537 947 598 confirmatum

97 617 220 695 posteris
230 617 316 675 etiam
328 616 386 673 suis
396 615 553 673 tradituros
565 634 594 672 se
608 634 668 672 esse
679 614 844 675 confidunt.
880 619 947 677 Cor·

98 717 168 775 pora
182 716 232 753 sua
267 717 298 753 ro
312 696 512 771 salnte'regum
526 713 642 752 suorum
656 693 687 751 bi
698 694 788 771 legati
803 697 862 755 tibi
874 700 945 776 regii

68 797 74 810 ⁸
98 777 222 847 tradunt,
236 716 342 834 llioras
358 784 386 833 et
403 775 564 832 Blesamius
583 781 612 832 ct
628 774 807 850 Antigonus,
820 777 880 835 tibi
898 797 945 836 no

98 857 198 932 bisque
215 855 348 912 omnibus
364 857 421 912 iam
439 855 489 912 diu
508 856 579 925 noti,
591 854 747 930 cademque
764 854 825 914 fide
843 865 876 915 et
893 859 947 915 vir-

98 944 159 992 tute
176 935 321 1010 praeditus
338 935 489 1012 Dorylaus,
502 935 550 1012 qui
568 953 658 1010 nuper
675 952 740 990 cum
756 933 853 994 Hiera
870 938 943 1015 lega·

98 1023 144 1071 tus
158 1015 252 1071 estad
266 1023 294 1071 te
308 1015 418 1083 missus,
431 1034 500 1070 cum-
511 1033 610 1091 regum
625 1013 795 1071 amicissimi
808 1023 875 1073 tum
890 1018 944 1075 tibi

51 1153 54 1158 ,
98 1095 236 1163 otiamur
257 1113 348 1172 spero,
363 1094 484 1173 probati.
528 1100 574 1151 42.
591 1094 715 1170 Exquire
736 1094 773 1151 de
792 1094 945 1155 Blesamio

98 1194 168 1231 num
182 1174 252 1251 quid
265 1174 304 1231 ad
316 1194 411 1251 regem
426 1182 528 1233 contra
539 1175 709 1251 dignitatem
722 1180 806 1232 tuam
824 1177 947 1255 scripse-

98 1256 142 1312 rit.
185 1254 288 1312 Hieras
305 1255 420 1332 quidem
438 1272 552 1311 eausam
569 1273 684 1311 omnem
701 1255 825 1331 suscipit
842 1263 875 1314 et
891 1258 942 1315 cri·

97 1334 223 1393 minibus
237 1335 292 1393 illis
302 1354 355 1412 pro
369 1353 435 1411 rege
450 1354 479 1391 se
493 1334 631 1411 supponit
642 1353 728 1392 reum.
765 1334 942 1395 Memoriam

97 1424 176 1473 tuam
191 1415 333 1494 implorat,
346 1434 402 1492 qua
415 1413 490 1470 vales
504 1414 676 1491 plurimum:
697 1421 784 1490 nogat
798 1435 942 1495 umquam

98 1515 126 1552 sc
143 1515 161 1552 a
176 1503 204 1552 te
221 1497 251 1551 in
268 1495 398 1552 Deiotari
415 1493 567 1551 tetrarchia
583 1493 685 1571 pedem
703 1493 887 1554 discessisse:
911 1498 944 1554 in

97 1576 197 1652 primis
218 1574 322 1633 finibus
340 1575 395 1632 tibi
415 1594 444 1632 se
461 1581 574 1652 praesto
591 1575 680 1632 fuisse
696 1573 775 1644 dicit,
787 1593 882 1652 usque
904 1577 942 1634 ad

97 1655 214 1713 ultimos
228 1662 427 1733 prosecutum:
445 1674 510 1711 cum
525 1674 540 1711 c
554 1653 656 1711 balneo
671 1654 782 1725 exisses,
792 1661 894 1713 tecum
912 1677 946 1715 se

96 1736 193 1806 fuisse,
206 1755 271 1793 cum
292 1735 340 1792 illa
360 1733 478 1792 munera
494 1735 664 1812 inspexisses
684 1741 809 1805 cenatus,
822 1754 892 1793 cum
910 1737 941 1794 in

96 1815 227 1873 cubiculo
251 1815 434 1884 recubuisseS,
450 1815 641 1890 eamdemque
657 1812 862 1873 adsiduitatem
884 1816 945 1875 tibi
981 1877 984 1884 ,

96 1915 125 1952 se
142 1894 303 1971 praebuisse
320 1895 466 1972 postridie.
510 1899 556 1951 43.
572 1893 665 1961 Quam
686 1893 724 1949 ob
745 1895 849 1952 renisi
867 1897 943 1973 quid

96 1980 285 2049 eorumquae
301 1972 414 2030 obieeta
429 1981 507 2043 sunt,
517 1974 675 2050 cogitatum
691 1973 736 2044 sit,
748 1991 811 2030 non·
824 1983 948 2035 recusat,

96 2054 164 2130 quin
182 2053 212 2109 id
229 2071 312 2108 sunm
330 2052 441 2109 facinus
458 2053 576 2110 iudices.
617 2052 765 2124 Quocirca,
777 2053 944 2129 0.0acsar,

95 2133 179 2189 velim
203 2132 352 2189 existimes
368 2132 507 2189 hodierno
526 2132 573 2190 die
592 2134 765 2190 sententiam
783 2140 865 2192 tuam
886 2144 944 2196 aut

95 2232 161 2269 cum
178 2231 291 2269 summo
308 2211 446 2269 dedecore
464 2211 652 2269 miserrimam
669 2219 781 2290 pestem
798 2213 943 2290 imperta-¹

94 2301 189 2351 turam
210 2311 271 2350 esse
292 2290 406 2370 regibus
426 2298 475 2348 aut
493 2288 667 2350 incolumem
684 2293 791 2350 famam
809 2312 878 2352 cum
895 2315 940 2354 sar

94 2373 172 2432 lntc:
189 2393 310 2453 quorum
322 2373 444 2430 alterum
454 2379 552 2447 optare
563 2371 677 2428 illorum
691 2372 871 2433 crudelitatis
882 2382 939 2445 est.

94 2454 215 2513 altorum
229 2472 394 2512 conservare
408 2450 574 2511 clementiae
588 2457 662 2510 tuac.
