1988 3480
77 119 126 166 200
278 114 347 163 Plu)
364 112 395 174 Q,
411 110 559 162 LIGARIO
577 111 721 162 ORATIO.

77 218 176 275 dorem
196 215 334 283 omniurn,
346 214 419 272 hanc
437 213 633 271 Brocchorum
650 213 785 286 domum,
801 215 885 275 huuc
902 217 934 278 L

78 293 720 366 1111111010,(1.1111000111110,11.00111ἀ1001,1100
732 314 843 354 omnes
854 301 934 376 equi·

77 387 119 434 tes
142 376 359 452 1101001101,ᾳυὶ
380 375 484 432 adsunt
505 383 582 432 veste
604 382 724 447 mutata,
741 394 805 433 non
834 378 931 437 solum

76 466 161 513 notos
181 455 243 527 tibi,
259 475 357 512 verum
382 456 468 513 etiarn
493 450 635 531 probatos²
650 455 735 526 viros,
752 458 806 533 qui
830 466 929 516 tecum

75 537 210 593 fuerunt?
244 536 341 613 Atque
357 535 401 592 lris
416 536 612 607 irascebamur,
624 535 678 591 hos
692 537 928 613 requirebamus,

74 617 120 675 his
141 637 200 674 non
225 616 296 673 nulli
318 618 404 673 etiarn
428 615 619 673 minabantur.
661 615 814 674 Conserva
837 619 930 695 igitur

73 699 131 756 tuis
146 718 220 766 suos,
231 704 271 768 ut,
283 716 367 774 quem
382 695 548 754 admodum
564 704 663 766 cetera,
675 715 747 772 quae
763 697 848 755 dieta
858 707 928 756 suut

74 786 141 850 ate,
155 779 195 835 sic
209 778 264 833 1100
279 777 456 833 verissimum
471 777 634 853 reperiatur.
671 775 740 832 XII.
772 782 823 835 34.
837 777 927 847 Quod

74 859 98 916 si
112 859 227 936 penitus
241 858 399 934 perspicere
414 875 511 933 posses
528 855 710 912 concordiam
725 855 925 933 Ligariorum,

74 958 175 995 onmes
199 938 301 994 fratres
325 944 421 994 tecum
446 936 585 993 iudicares
609 936 705 992 fnisse.
749 936 800 992 An
824 945 926 1014 potest

75 1019 226 1094 quisquam
244 1016 374 1074 dubitare
392 1017 470 1094 quin,
484 1017 507 1072 si
522 1015 555 1085 Q.
567 1015 696 1092 Ligarius
710 1015 740 1072 in
756 1015 845 1073 Italia
862 1037 925 1076 esse

73 1099 223 1174 potuisset,
236 1098 265 1153 in
283 1097 382 1154 eadem
400 1097 541 1154 sententia
557 1096 660 1152 fuisset
676 1096 801 1167 futurus,
815 1097 848 1153 in
867 1117 925 1174 qua

74 1178 176 1235 fratres
186 1178 321 1235 fuerunt?
356 1176 427 1245 Quis
441 1184 484 1233 est
496 1177 544 1253 qui
555 1175 659 1233 horum
670 1194 845 1232 consensum
857 1196 926 1234 con·

75 1258 229 1335 spirantem
248 1266 276 1315 et
293 1277 383 1335 paene
400 1256 556 1314 conflatum
573 1256 604 1311 in
621 1255 674 1312 hac
690 1273 782 1331 prope
797 1257 925 1333 aequali-

74 1345 133 1395 tate
144 1339 269 1396 fratema
283 1357 342 1394 non
356 1337 485 1393 noverit?
507 1336 555 1412 qui
570 1335 625 1392 1100
640 1355 698 1391 000
713 1334 828 1404 sentiat,
841 1337 924 1413 quid-

73 1419 117 1475 vis
134 1419 212 1494 prius
229 1419 359 1475 futnmm
374 1417 470 1486 fuisse,
484 1435 569 1492 quam
585 1423 617 1472 ut
630 1415 662 1472 hi
675 1414 779 1471 fratres
793 1415 924 1474 diversas

75 1499 229 1555 sententias
244 1499 429 1573 fortunasque
447 1496 648 1573 sequerentur?
689 1493 853 1552 Voluntate
870 1497 924 1574 igi-

72 1588 122 1636 tur
143 1598 242 1634 omnes
263 1586 358 1635 tecum
379 1577 504 1646 fuerunt,
522 1581 693 1651 tempestate
717 1573 857 1652 abreptus
878 1584 924 1634 est

76 1678 157 1729 nnus,
171 1659 219 1735 qui
238 1659 261 1714 si
278 1657 397 1715 consilio
414 1656 446 1713 id
462 1655 585 1726 fecisset,
598 1661 672 1712 esset
689 1673 787 1712 eorum
807 1655 921 1727 similis,

74 1745 194 1815 questu
208 1746 304 1795 tamen
320 1738 411 1794 salvos
425 1756 484 1794 esse
499 1735 623 1792 voluisti.
667 1741 713 1792 35.
729 1733 787 1791 Sed
801 1734 870 1792 ierit
885 1736 922 1794 ad

75 1818 191 1890 beilum,
208 1818 372 1875 dissenserit
392 1836 450 1873 non
472 1823 537 1873 ate
559 1815 660 1886 solum,
672 1833 771 1872 verum
792 1816 884 1872 etiam
905 1837 923 1874 a

75 1899 230 1955 fratribus:
252 1898 282 1953 hi
299 1904 328 1954 te
346 1904 428 1953 orant
444 1897 495 1953 tui.
538 1895 690 1972 Equidem,
703 1913 768 1951 cum
782 1895 841 1951 tuis
860 1916 922 1953 om-

76 1977 160 2034 nibus
181 1978 305 2054 negotiis
326 1978 499 2046 interessem,
511 1976 651 2032 memoria
670 1982 755 2032 teneo
774 1975 869 2051 qualis
886 1977 919 2034 T.

76 2057 207 2133 Ligarius
225 2064 357 2133 quaestor
373 2055 497 2112 urbanus
514 2055 602 2112 fuerit
619 2074 686 2132 erga
702 2061 731 2112 te
748 2061 777 2110 et
794 2054 922 2131 dignita-

75 2144 135 2194 tem
150 2145 237 2193 tuam.
274 2136 332 2192 Sed
345 2155 446 2211 parurn
462 2142 504 2192 est
518 2155 564 2191 me
579 2135 634 2192 1100
648 2133 821 2204 meminisse,
834 2154 921 2211 spero

76 2217 163 2273 etiarn
185 2225 222 2285 te,
235 2216 283 2292 qui
305 2215 433 2272 oblivisci
451 2214 523 2271 nihil
541 2214 613 2271 soles
634 2215 690 2270 nisi
711 2213 836 2281 iniurias,
850 2232 922 2291 quo

76 2297 152 2353 niam
175 2296 230 2352 hoc
251 2303 294 2352 cst
314 2296 410 2365 animi,
427 2295 561 2370 quoniam
584 2295 670 2350 etiam
691 2293 800 2370 ingenii
821 2293 875 2365 tui,
891 2302 921 2352 te

76 2377 185 2453 aliquid
196 2377 231 2432 de
247 2376 331 2433 huius
345 2376 394 2431 1110
410 2375 571 2451 quaestorio
587 2374 688 2445 officie,
702 2374 788 2430 etiam
804 2372 840 2430 de
855 2373 922 2432 aliis

77 2457 249 2533 quibusdam
277 2455 475 2532 quaestoribus
505 2455 743 2524 reminiscentem,
765 2453 919 2512 recordari.

78 2542 123 2592 36.
137 2536 194 2592 Hie
210 2537 298 2612 igitar
308 2535 340 2592 Τ.
350 2535 487 2610 Ligarius,
499 2535 547 2611 qui
561 2541 623 2590 tum
638 2534 710 2590 011111
725 2532 922 2611 0011011011-

76 2635 168 2692 neque
186 2617 262 2673 enim
280 2616 349 2672 haee
366 2614 609 2671 divinabat—nisi
623 2621 656 2670 ut
670 2634 735 2671 enm
749 2613 792 2671 tui
809 2614 922 2671 studio-

41 2729 44 2735 ·
77 2714 140 2752 snm
162 2704 191 2753 et
211 2696 320 2760 bonum
337 2695 429 2751 virum
451 2694 597 2764 iudicares,
612 2714 688 2751 nune
709 2715 726 2751 a
745 2701 774 2751 te
796 2693 920 2771 supplex
957 2696 960 2700 ’

77 2775 173 2832 fratris
191 2774 310 2832 salutern
327 2775 416 2850 petit:
440 2793 524 2850 quam
542 2773 626 2830 huius
643 2774 807 2831 admonitus
822 2773 919 2832 officio

77 2875 142 2912 oum
162 2856 289 2932 utrisque
305 2855 350 2911 his
368 2855 487 2923 dederis,
497 2861 555 2910 tres
572 2853 673 2910 fratres
691 2854 817 2930 optimos
833 2860 863 2910 et
875 2853 920 2910 iu·
954 2866 957 2870 “

77 2936 245 3012 tegerrimos
259 2954 317 2991 non
333 2935 424 2991 solnm
440 2933 493 2990 sibi
505 2933 582 3010 ipsos
596 2953 688 3010 neque
698 2934 743 2990 his
754 2940 799 2990 tot
813 2952 845 2989 ae
856 2933 920 2990 tali·

77 3015 131 3072 bus
148 3016 215 3071 viris
231 3034 324 3092 neque
341 3014 425 3071 nobis
441 3013 605 3070 necessariis
623 3014 688 3085 suis,
701 3014 751 3071 sed
772 3013 858 3070 etiarn
876 3013 918 3070 rei

78 3095 209 3171 publicae
226 3095 438 3151 condonaveris
482 3094 528 3149 37,
545 3093 599 3149 Fac
617 3094 712 3169 igitur,
726 3092 802 3169 quod
817 3092 853 3148 de
867 3091 920 3148 ho·

78 3175 156 3231 minc
170 3174 348 3232 nobilissimo
363 3180 392 3235 et
406 3173 562 3232 clarissimo
573 3173 670 3229 fecisti
682 3192 773 3248 nuper
785 3173 819 3226 111
831 3172 922 3234 euris,
