1988 3480
72 118 120 166 160
210 113 280 166 PRO
296 115 327 164 T.
342 114 456 165 ANNIO
472 114 611 165 MILONE
627 115 770 166 ORATIO.

71 239 137 277 cum
156 217 193 275 ad
209 217 288 295 ipsos
308 224 477 294 penetrarat,
493 217 574 274 cuius
595 218 631 274 de
651 225 744 275 morte
764 225 922 298 tamquam

71 299 108 356 de
122 298 302 355 caerimoniis
316 297 429 354 violatis
444 298 595 374 quaeritur.
639 297 695 354 Sed
710 305 809 356 tamen
827 302 922 358 maio

71 399 115 436 rcs
136 378 226 434 nostri
247 378 276 434 in
299 377 448 434 dominum
470 377 607 435 deservo
629 379 724 454 quaeri
749 379 918 452 uoluerunt,

72 478 131 515 000
149 458 216 535 0010
233 477 291 514 000
309 464 406 534 posset
423 477 521 514 verum
540 457 669 528 inveniri,
682 458 732 514 sed
752 459 821 534 quia
840 461 920 518 vidc-

71 537 156 595 batur
173 537 324 615 indignum
342 557 402 594 esse
423 544 452 594 et
469 538 579 594 domini
596 546 689 595 morte
710 538 773 614 ipsa
793 539 916 598 tristius

72 617 106 675 Iu
121 637 200 676 rcum
219 618 255 676 de
276 637 356 674 servo
374 617 544 674 accusatoris
565 637 631 674 cum
649 618 802 694 quaeritur,
814 639 917 677 verum

72 699 193 756 inveniri
208 699 321 774 0010011
364 703 409 754 60.
427 697 490 773 Age
505 717 580 767 vero,
594 717 665 774 0000
683 704 742 754 erat
756 705 807 755 aut
822 700 917 776 qualis

72 779 219 855 quaestiol
253 778 334 835 Heus
348 784 388 846 tu,
401 776 494 847 Rufio,
505 777 583 834 verbi
598 797 689 847 causa,
701 797 768 834 cave
782 778 821 834 sis
835 798 918 836 men·

71 858 159 915 tiaris.
196 857 315 914 Clodius
332 857 450 914 insidias
466 857 536 913 fecit
553 856 673 914 Milonil
704 857 790 915 Fecit.
828 857 917 916 Certa

72 957 149 994 crux.
192 937 292 993 Nullas
320 937 397 994 fecit.
441 936 560 1014 Sperata
587 937 709 994 libertas.
753 936 831 1005 Quid
861 938 915 996 hae

73 1017 239 1094 quaestione
257 1017 378 1073 certiusl
420 1016 523 1074 Subito
540 1017 651 1094 abrepti
668 1018 698 1074 in
716 1019 916 1093 quaestionem

72 1105 169 1154 tamen
187 1102 352 1172 separantur
369 1117 385 1152 a
402 1097 502 1154 ceteris
523 1103 552 1153 et
568 1097 598 1153 in
616 1117 693 1154 arcas
710 1097 915 1170 coniiciuntur,

73 1196 109 1233 00
131 1176 279 1253 quiscum
301 1175 337 1233 iis
361 1176 485 1254 colloqui
508 1177 606 1252 possit.
650 1177 690 1233 Hi
714 1183 829 1233 centum
852 1179 917 1236 dies

73 1276 161 1335 00000
181 1262 373 1313 accusatorem
391 1276 456 1313 cum
474 1257 605 1327 fuissent,
617 1257 653 1314 ab
670 1276 704 1313 co
721 1257 785 1333 ipso
802 1277 918 1315 accusa-

72 1344 135 1394 tore
149 1336 282 1414 producti
297 1343 371 1394 0001.
407 1336 485 1405 Quid
496 1336 548 1392 hac
564 1337 729 1413 quaestione
744 1337 801 1393 dici
816 1345 917 1414 potest

74 1417 220 1492 iutegrius,
234 1417 304 1494 quid
317 1417 528 1493 incorruptiusl

114 1496 228 1554 XXIII.
266 1503 311 1554 61.
331 1496 417 1565 Quod
434 1497 458 1552 si
475 1496 604 1552 nondum
623 1497 691 1553 satis
710 1496 834 1566 comitis,
847 1515 916 1554 cum

74 1597 118 1634 res
136 1578 198 1654 ipsa
214 1583 259 1633 tot
276 1584 335 1633 tam
353 1576 434 1633 claris
455 1577 631 1652 argumentis
649 1576 793 1652 signisque
810 1576 915 1648 luceat,

74 1663 255 1734 puramente
270 1664 355 1733 atque
370 1657 482 1732 Integra
492 1655 638 1725 Milonem,
651 1655 729 1713 nullo
744 1654 848 1713 scelere
861 1656 917 1712 im-

74 1737 185 1808 butum,
196 1736 275 1794 nullo
286 1744 366 1794 metu
377 1736 567 1814 perterritum,
578 1735 656 1792 nulla
666 1735 842 1792 couscientia
851 1755 917 1793 exa-

75 1817 215 1875 nimatum
240 1816 364 1873 Romam
388 1816 544 1886 revertisse,
560 1815 756 1885 recordamini,
771 1834 823 1892 per
844 1816 917 1873 deos

75 1896 268 1953 immortales!
295 1915 366 1972 0000
387 1896 476 1952 fuerit
496 1895 623 1953 celeritas
645 1896 753 1952 reditus
775 1895 844 1966 eius,
863 1897 917 1972 qui

74 1976 217 2052 ingressus
237 1976 267 2031 in
289 1976 385 2032 forum
407 1975 524 2032 ardente
545 1975 630 2046 curia,
647 1994 718 2051 0000
742 1975 916 2051 magnitudo

74 2055 171 2125 animi,
188 2055 238 2131 001
257 2054 360 2126 vultus,
378 2074 449 2131 quae
470 2055 569 2112 oratio.
612 2055 713 2131 Neque
730 2074 796 2112 vero
818 2074 848 2112 se
864 2075 917 2132 00-

74 2135 142 2211 0010
160 2135 261 2205 solum,
274 2135 324 2192 sed
338 2135 424 2192 etiam
440 2136 550 2192 senatui
565 2135 717 2206 commisit,
730 2150 822 2211 neque
836 2154 917 2192 sena·

74 2214 118 2270 tui
140 2214 237 2285 modo,
258 2215 308 2271 sed
332 2215 418 2272 etiam
443 2215 566 2292 publicis
591 2215 740 2291 praesidiis
764 2222 793 2271 et
817 2214 914 2284 armis,

74 2312 167 2370 neque
188 2293 232 2350 his
252 2302 373 2366 tantum,
392 2315 490 2352 verum
511 2295 599 2353 etiam
623 2295 683 2352 0100
704 2295 849 2371 potestati,
867 2296 916 2352 cui

74 2381 189 2430 senatus
204 2380 294 2431 totam
310 2395 369 2432 rem
384 2375 536 2452 publicam,
550 2394 665 2432 omnem
680 2374 779 2431 Italiae
796 2374 913 2452 pubem,

75 2461 178 2511 000010
194 2454 294 2531 000011
311 2455 435 2512 Romani
451 2475 530 2512 arma
550 2455 747 2512 commiserat:
770 2455 815 2511 cui
832 2473 917 2510 num·

76 2553 161 2611 quam
184 2554 212 2591 se
233 2535 280 2591 hic
301 2536 432 2611 profecto
453 2535 625 2602 tradidisset,
647 2535 702 2591 nisi
723 2553 822 2592 000000
846 2554 915 2592 suae

76 2613 239 2684 confideret,
258 2615 424 2690 praesertim
449 2614 546 2670 omnia
570 2614 706 2685 audienti,
727 2633 832 2691 magna
856 2633 917 2671 me-

75 2694 177 2764 tuenti,
189 2694 280 2751 multa
294 2693 528 2770 suspicantium
543 2693 621 2749 00110
635 2694 769 2751 credenti.
808 2693 916 2770 Magna

76 2772 119 2828 vis
138 2781 181 2830 est
198 2773 395 2843 conscientiae,
411 2772 527 2843 iudices,
543 2780 572 2829 et
590 2793 696 2848 magna
714 2775 743 2831 in
762 2780 915 2851 utramque

76 2859 195 2928 partem,
211 2860 244 2909 01
260 2872 352 2929 00000
371 2853 492 2909 timeant
510 2852 558 2928 qui
579 2852 651 2909 nihil
672 2853 868 2910 commiserint
886 2859 916 2910 01

76 2951 198 3007 poenam
221 2951 332 3008 semper
348 2938 413 2988 ante
431 2930 528 2987 oculos
545 2933 647 2988 versari
664 2940 767 3008 putent
785 2933 833 3009 qui
850 2951 916 3008 pcc·
951 2960 955 2967 ·

77 3012 175 3069 cariut.
219 3018 264 3068 62.
281 3011 382 3087 Neque
396 3029 462 3067 vcro
478 3011 538 3066 sine
552 3011 662 3068 ratione
677 3019 753 3069 certa
767 3032 851 3068 00000
862 3011 917 3068 Μ1-

77 3089 150 3147 lonis
169 3109 280 3166 semper
299 3108 315 3145 0
334 3096 433 3146 000010
450 3089 570 3166 probata
586 3098 636 3147 est
673 3090 819 3148 Videbant
836 3097 915 3147 0000

73 3169 276 3244 sapientissimi
301 3168 433 3227 homines
458 3170 528 3226 facti
553 3170 705 3237 rationem,
723 3169 920 3243 praesentiam
