1988 3480
142 114 175 153 aa
303 102 341 151 IN
360 101 388 150 L.
405 98 609 151 CATILINAM
627 98 763 149 ORATIO
779 98 830 149 IV.

143 203 320 281 impendent,
336 203 390 261 nisi
412 202 576 280 providetis.
619 201 686 259 Non
708 200 752 261 Ti
764 200 883 261 Graeeh

143 285 248 343 iterum
265 283 397 341 tribanus
414 282 505 359 plebis
522 282 582 340 lieri
599 281 698 353 volant,
710 300 770 339 non
786 280 820 339 O.
831 280 891 341 Gra

144 363 222 441 qaod
239 364 364 437 accarim
383 363 525 419 ‹forn-itare
542 370 660 419 ‹·‹·›n:aas
677 369 728 427 cst,
741 380 798 417 mm
817 360 849 420 L
860 362 898 421 Sa

143 463 205 515 nus,
218 444 267 520 qni
285 446 316 501 C.
330 444 499 501 llemminm
521 443 634 513 occidit,
651 442 679 498 in
697 441 852 499 discrimen
868 443 905 501 al.

143 532 229 601 atquc
249 524 279 581 in
301 531 409 581 vestrae
426 523 583 580 severitatis
600 522 737 579 imlicinm
755 521 910 581 adducitur

143 611 248 662 nentur
267 603 296 675 ii,
309 605 360 681 qui
380 603 417 660 ad
439 602 517 660 urbis
539 601 712 672 inccmlium,
726 601 764 659 ad
781 610 909 661 vestram

142 684 222 741 nium
238 684 363 753 cacdcm,
375 684 412 741 ad
426 683 580 740 Catilinam
597 680 799 758 accipiundum
816 681 927 743 Romal

142 764 295 821 stiterunt:
325 771 459 821 tenentur
483 762 600 833 litterae,
623 762 712 835 signa,
731 780 841 833 manus,
859 763 932 823 deni

142 844 227 901 nnius
248 843 385 919 caiusque
405 843 564 900 confessio:
593 841 782 899 sollicitantur
801 842 943 923 Allobrog

142 923 257 980 servitia
273 923 440 993 excitantur,
453 922 577 979 Catilina
593 922 750 992 arcessitur,
766 922 797 980 id
817 930 862 981 est
877 923 948 983 inia

142 1002 302 1073 consiliam,
316 1010 348 1060 nt
362 1002 520 1061 interfectis
534 1002 668 1060 omnibus
682 1020 767 1059 nemo
782 1022 818 1061 ne
832 1002 870 1061 ad
886 1004 956 1084 depi

142 1082 263 1140 randum
281 1082 397 1160 quidem
414 1083 515 1160 pepuli
529 1082 652 1141 Romani
670 1101 775 1140 nomen
792 1090 879 1161 atque
895 1084 963 1143 adl

142 1162 326 1220 mentandam
348 1164 422 1221 tanti
446 1162 558 1239 imperii
584 1162 774 1221 cadamitatcrn
797 1161 970 1241 relinquatur

141 1242 195 1301 ΙΙΙ.
232 1250 258 1301 5.
275 1243 355 1301 llaec
371 1243 469 1301 emnia
485 1243 593 1300 indices
610 1242 782 1313 detulerunt,
797 1242 838 1301 rei
856 1244 977 1305 confess

141 1331 216 1395 sunt,
235 1343 286 1382 vos
309 1323 408 1381 multis
432 1324 489 1380 iam
514 1322 628 1381 iudiciis
652 1322 835 1394 iudicavistis,
854 1323 984 1400 primum

142 1403 220 1481 qnod
237 1403 308 1460 mihi
325 1404 431 1480 gratias
447 1402 546 1479 egistis
561 1403 752 1479 singularibus
765 1402 858 1461 verbis
874 1411 905 1462 et
918 1424 988 1465 mea

141 1484 247 1541 virtute
261 1491 347 1561 atque
362 1483 511 1559 diligentia
524 1483 702 1561 perditorum
718 1483 867 1540 hominurn
884 1485 987 1545 eoniu-

141 1564 281 1622 rationem
296 1564 469 1643 patefactam
485 1584 544 1623 csse
559 1563 731 1633 decrevistis
744 1562 848 1621 deinde
859 1564 938 1642 quod
947 1564 983 1625 P.

141 1644 294 1703 Lentulum
312 1666 342 1704 se
362 1645 493 1703 abdicare
510 1651 643 1720 praetura
659 1643 802 1720 coegistis,
817 1650 880 1701 turn
922 1646 986 1705 nod

140 1744 205 1782 eum
229 1733 258 1783 et
280 1734 397 1795 ceteros,
413 1725 449 1782 de
472 1724 575 1802 quibus
598 1724 752 1795 indicastis
767 1724 797 1780 in
820 1663 984 1785 custodiam

140 1804 250 1862 dandos
264 1805 422 1874 censuistis,
433 1804 613 1880 maximeque
625 1804 702 1880 quod
713 1822 778 1861 meo
788 1803 906 1862 nomine
916 1824 985 1883 sup-

139 1883 324 1962 plicationem
334 1883 506 1953 decrevistis,
517 1883 566 1959 qni
576 1883 668 1941 honos
678 1891 778 1961 togato
788 1882 905 1941 habitus
915 1892 984 1945 ante

139 1982 186 2020 me
207 1970 251 2021 cst
271 1963 396 2020 nemini:
418 1971 564 2039 postremo
581 1962 714 2021 bestamo
735 1964 781 2021 dic
802 1963 930 2041 praemia
944 1964 992 2023 le·

139 2043 214 2120 gatis
224 2042 414 2119 Allobrogum
429 2041 554 2120 Titoque
565 2043 718 2103 Vulturcio
732 2044 853 2102 dedistis
866 2042 983 2122 amplis

140 2123 219 2181 sima
256 2121 335 2191 Quae
352 2129 419 2179 sunt
433 2123 531 2181 omnia
547 2123 608 2181 eius
621 2123 710 2194 modi,
723 2130 756 2181 ut
769 2124 799 2194 ii,
812 2124 862 2201 qui
875 2125 906 2181 in
919 2143 983 2183 ens·

139 2203 248 2261 tedium
265 2203 436 2260 nominatim
453 2202 514 2261 dati
531 2211 606 2276 sunt,
619 2204 679 2262 sine
696 2203 754 2261 alla
767 2204 982 2264 dubitationes

140 2283 221 2341 vobis
235 2283 362 2341 damnati
377 2302 436 2341 esse
451 2284 608 2343 videantur.
949 2298 953 2307 ’

180 2369 206 2421 6.
222 2362 279 2422 Sed
290 2382 344 2440 ego
355 2363 467 2421 institui
478 2365 583 2423 referre
593 2364 631 2422 ad
642 2384 700 2436 vos,
710 2372 806 2441 patres
817 2363 979 2441 conscripti,

139 2451 285 2521 tamquam
302 2444 455 2520 integrum,
468 2452 497 2502 ct
513 2445 549 2503 de
565 2445 644 2503 facto
662 2444 732 2522 quid
749 2445 882 2503 iudicetis
898 2450 928 2502 et
944 2444 982 2503 de

139 2543 232 2599 peerm
243 2523 312 2601 quid
324 2525 468 2583 censeatis.
502 2524 555 2583 Illa
568 2525 739 2601 praedicam,
752 2545 824 2602 qnae
839 2531 906 2583 sunt
915 2543 981 2583 eon-

139 2602 215 2661 sulis.
251 2603 315 2680 Ege
329 2623 466 2681 nragnum
481 2606 510 2662 in
525 2624 555 2663 re
568 2605 684 2681 publica
695 2606 799 2663 versari
812 2607 939 2663 furorem
951 2612 981 2663 et

143 2700 213 2739 nova
226 2683 366 2759 quaedam
383 2684 495 2742 misceri
512 2693 541 2743 et
554 2685 691 2743 concitari
709 2685 783 2743 rnala
797 2686 854 2743 iarn
868 2684 980 2762 pridem

150 2761 279 2832 idebam,
290 2764 340 2822 sed
353 2763 426 2821 hane
437 2772 555 2835 tantam,
565 2772 625 2822 tam
640 2765 789 2822 exitiosam
804 2765 902 2823 haberi
916 2784 979 2822 eon·

157 2841 309 2899 irationem
323 2862 341 2900 a
354 2843 464 2901 civibus
480 2864 637 2921 numquam
652 2845 759 2920 putavi.
798 2845 883 2902 Nunc
901 2844 980 2921 quid·

166 2921 209 2979 rid
226 2928 277 2991 est,
290 2940 471 3001 quecumque
485 2930 593 2981 vestrae
610 2932 722 2982 mentes
739 2924 878 2982 inclinant
894 2932 980 3001 atquo

171 3000 304 3073 utentiae,
315 3004 496 3062 statuendum
509 3003 590 3061 vobis
601 3011 667 3062 ante
678 3011 792 3061 noctem
805 3011 854 3062 est.
887 3003 979 3072 Quan-

178 3098 201 3136 n
222 3081 335 3139 facinus
355 3083 392 3141 ad
416 3103 467 3140 vos
491 3083 617 3141 delatum
643 3085 680 3141 sit
704 3084 814 3142 videtis.
857 3083 978 3142 Iluiesi

185 3178 244 3219 reos
258 3162 366 3231 putatis
380 3162 488 3220 adfines
505 3182 573 3233 esse,
587 3163 770 3221 veliementer
787 3163 892 3220 erratis.
929 3163 978 3221 Lu-

355 3318 462 3381 p
