1988 3480
71 128 102 170 54
228 122 263 171 IN
283 122 312 170 L.
329 122 534 171 CATILINAM
551 122 685 170 numm
702 120 753 171 111.

73 224 104 287 is,
118 224 165 299 qui
183 222 311 279 oauulem
328 222 400 279 hauc
417 222 516 279 urbem
534 221 679 278 residuam
697 219 923 297 amplificatam-

72 323 127 378 que
145 303 272 359 servm'it.
315 302 389 359 Nam
404 310 482 359 totae
496 302 569 371 urbi,
581 301 697 378 templis
710 300 851 371 delubris,
863 308 924 359 tec·

73 384 111 439 tis
125 401 156 438 ae
171 381 320 438 nmenibus
335 381 478 438 subiectos
488 401 578 459 prope
590 382 646 437 iam
662 381 743 455 ignes
756 380 923 439 circumda-

72 469 174 538 tosque
195 462 385 532 restinximus,
404 461 547 538 iidemque
564 461 677 535 gladios
693 460 722 517 iu
740 479 801 517 reru
823 460 922 537 publi·

74 560 135 597 cam
150 541 300 598 destrictos
317 541 489 598 rettudimus
506 559 712 617 mucronesque
728 558 829 596 eorum
846 560 866 597 a
879 540 921 597 in-

73 621 148 697 gulis
163 622 262 679 vestris
276 620 439 678 deiecimus.
480 628 505 678 3.
521 620 600 689 Quae
615 620 751 697 quoniam
768 619 799 675 in
814 627 920 678 senatu

73 701 220 773 illustrata,
230 701 381 778 patefacta,
394 708 541 777 comperta
555 707 621 757 snut
631 719 683 777 per
696 717 750 767 mc,
760 698 846 755 vobis
860 700 920 757 iam

73 800 215 859 exponam
238 781 368 850 breviter,
385 779 518 850 Quirites,
534 788 575 845 nt,
591 788 619 837 et
644 786 750 857 quanta
773 785 804 835 et
828 797 920 855 quam

74 862 226 917 manifesta
243 867 271 916 et
286 879 342 937 qua
355 860 466 916 ratione
482 860 654 934 investigata
667 866 696 916 et
710 857 921 934 comprehensa

75 941 140 1008 siut,
153 959 212 1009 vos,
225 940 273 1015 qui
288 940 427 1014 ignoratis
441 945 470 996 ct
484 939 662 1016 exspectatis,
675 938 744 995 scire
758 937 887 1015 possitis

115 1019 271 1095 Principis,
283 1028 314 1076 ut
327 1019 453 1076 Catilina
462 1019 562 1095 paucis
576 1026 641 1076 aute
656 1017 757 1075 diebus
771 1016 869 1094 erupit
883 1038 920 1077 ex

75 1098 152 1169 urbe,
173 1117 239 1155 eum
261 1098 373 1156 sceleris
398 1100 441 1156 sui
464 1100 564 1170 socios,
584 1098 702 1155 huiusce
723 1096 826 1154 nefarii
847 1096 920 1155 belli

75 1178 227 1235 acerrimos
248 1178 342 1249 duces,
354 1178 463 1236 Romae
484 1179 651 1255 reliquisset,
667 1196 779 1254 semper
798 1177 921 1255 vigilavi

76 1265 105 1315 ct
115 1258 236 1335 providi,
246 1257 379 1329 Quirites
393 1278 477 1335 quem
492 1259 529 1315 ad
538 1259 660 1316 modum-
673 1258 703 1315 iu
714 1256 802 1314 tantis
815 1264 920 1315 ettam

76 1338 250 1395 absconditis
271 1338 383 1395 insidiis
407 1338 477 1395 salvi
501 1358 561 1395 csse
584 1357 740 1414 possemus.
782 1335 820 1394 II.
839 1336 920 1395 Nam

76 1424 228 1487 tumeam
248 1437 282 1475 ex
301 1417 371 1475 urbe
388 1417 542 1475 Catilinam
561 1417 821 1474 eiicicbam—non
838 1416 920 1473 enim

76 1497 134 1554 iam
151 1516 249 1554 vercor
265 1497 350 1555 huius
368 1497 445 1555 verbi
462 1498 608 1568 iuvidiam,
624 1516 689 1553 cum
707 1496 755 1553 illa
769 1495 864 1571 magis
880 1496 921 1555 sit

76 1577 213 1648 timenda,
230 1578 308 1655 quod
325 1578 406 1635 vivus
425 1578 578 1649 exierit—,
595 1577 644 1634 sed
663 1583 734 1647 tum,
750 1594 815 1632 cum
835 1575 919 1633 illum

77 1659 257 1716 exterminari
268 1658 407 1731 volebam,
418 1666 467 1716 aut
481 1658 618 1735 reliquam
633 1657 846 1714 coniuratomm
858 1675 919 1713 ma-

77 1758 147 1795 num
168 1738 252 1796 simul
274 1739 414 1795 exituram
438 1744 488 1795 aut
506 1757 563 1807 eos
579 1737 629 1814 qui
649 1736 826 1807 restitissent,
842 1734 920 1793 infin

78 1836 141 1873 mos
162 1818 222 1873 sine
243 1817 292 1873 illo
314 1836 346 1873 ac
368 1817 476 1874 debiles
500 1817 562 1874 fore
584 1816 729 1893 putabam.
772 1821 798 1873 4.
817 1814 920 1892 Atque

78 1915 141 1969 ege,
153 1904 186 1952 ut
202 1896 269 1967 vidi,
283 1915 356 1971 quos
371 1896 498 1952 maximo
519 1897 615 1953 furore
635 1904 663 1954 et
680 1895 783 1953 scelere
799 1912 860 1952 esse
876 1894 921 1951 in·

79 1974 240 2031 flammatos
257 1974 388 2045 sciebam,
401 1994 450 2032 eos
466 1976 616 2033 nobiscum
632 1996 692 2034 csse
709 1983 738 2032 et
751 1975 860 2032 Romae
876 1993 921 2032 rc-

79 2055 223 2125 mausisse,
235 2055 265 2111 iu
283 2074 316 2112 eo
334 2073 434 2112 omncs
451 2055 511 2113 dics
527 2063 682 2132 noct-esque
699 2053 873 2131 consumpsi,
885 2061 920 2113 ut

80 2135 150 2212 quid
166 2141 290 2211 agerent,
304 2134 373 2212 quid
390 2135 566 2206 molirentur,
579 2137 714 2193 sentirem
732 2154 764 2191 ac
781 2134 917 2206 viderem,

80 2221 119 2285 ut,
129 2215 264 2291 quoniam
276 2215 391 2273 auribus
399 2216 500 2273 vestris
508 2222 626 2292 propter
636 2214 831 2272 incredibilem
840 2232 921 2290 mag-

79 2288 240 2351 nitudinem
252 2295 362 2352 sceleris
373 2297 513 2353 minorem
525 2294 611 2352 fidem
622 2295 728 2352 faceret
740 2293 830 2350 oratio
843 2310 918 2365 mea,

80 2392 139 2432 rem
154 2374 195 2431 ita
208 2374 486 2450 comprehenderem,
498 2382 531 2431 nt
545 2382 608 2432 tum
625 2375 741 2431 demum
758 2371 861 2430 animis
877 2391 920 2429 sa·

80 2453 134 2511 luti
152 2460 260 2511 vestrae
279 2455 473 2531 provideretis,
490 2474 554 2513 cum
577 2453 667 2511 oeulis
686 2453 857 2510 maleficium
875 2451 921 2529 ip-

80 2553 143 2590 sum
160 2534 301 2591 videretis.
343 2534 444 2611 Itaque
465 2541 498 2592 ut
515 2534 641 2610 comperi
661 2533 771 2608 legat-os
787 2530 922 2588 Allobro·

80 2632 149 2688 gum
166 2613 233 2671 belli
250 2613 429 2690 Transalpini
449 2621 478 2672 ct
493 2614 635 2671 tumultus
653 2612 755 2669 Gallici
776 2610 920 2669 excitandi

81 2711 164 2749 causa
178 2693 237 2749 aP.
247 2692 367 2750 Lentulo
380 2713 439 2751 csse
454 2694 629 2763 sollicitatos
640 2712 744 2769 eosque
756 2693 785 2748 in
796 2690 920 2748 Galliam

81 2771 117 2828 ad
142 2791 208 2828 suos
230 2773 304 2829 cives
328 2773 486 2851 eodemque
510 2773 611 2830 itinere
633 2792 698 2829 cum
720 2771 821 2828 litteris
841 2789 920 2826 man-

82 2851 211 2928 datisque
232 2851 269 2908 ad
290 2852 442 2910 Catilinam
466 2873 525 2909 csse
546 2853 655 2921 missos,
671 2852 863 2928 comitemque
884 2850 920 2905 iis

82 2931 248 2988 adiunctum
271 2951 330 2988 csse
352 2933 589 2995 T.·Vultureium,
606 2939 690 3008 atque
711 2932 778 2988 liuic
801 2950 861 2987 esse
883 2929 920 2987 ad

82 3010 234 3067 Catilinam
264 3010 343 3068 datas
367 3012 483 3077 litteras,
504 3011 668 3068 sacrrltatem
695 3011 765 3067 milri
795 3010 920 3066 oblatam

82 3091 188 3167 putavi,
200 3097 241 3162 ut,
253 3092 331 3167 quod
345 3098 404 3149 erat
418 3090 616 3148 difficillimum
633 3091 766 3167 quodque
781 3110 835 3166 ego
850 3108 920 3145 sem-

82 3170 279 3250 peroptabam
293 3170 328 3230 ab
340 3171 384 3230 dis
397 3169 613 3242 immortalibus,
625 3177 687 3229 tota
697 3189 741 3227 res
755 3189 813 3227 non
828 3168 920 3226 solum
