1988 3480
278 127 356 178 car.
373 127 606 189 xxix-xxxi,
624 125 638 186 s
653 129 742 177 eo-sa
884 131 930 178 169

64 220 66 225 ’
91 230 132 288 sol
153 229 200 287 ille
222 248 273 286 nec
295 228 364 286 caeli
381 228 584 304 signorumque
604 234 702 285 motus
722 248 774 286 uec
794 229 931 288 vicissitu-
951 231 955 237 '

91 310 171 367 dines
192 328 286 366 rerum
308 315 393 384 atque
414 308 528 365 ordines
548 315 666 365 movent
686 327 787 386 neque,
803 309 833 366 id
853 311 931 386 quod

91 389 249 446 maximum
264 395 314 459 est,
327 388 467 444 maiorum
482 388 628 464 sapientia,
645 389 694 464 qui
709 408 794 458 sacra,
807 389 856 466 qui
871 409 930 447 cac-

90 469 234 539 rimouias,
247 468 296 545 qui
318 467 444 543 auspicia
462 475 491 524 et
507 467 563 543 ipsi
584 468 761 525 sanctissime
781 468 930 527 coluerunt

91 555 119 606 et
134 548 217 605 nobis
232 548 290 604 suis
300 547 422 623 posteris
432 547 628 623 prodiderunt.
664 547 777 605 XXXI.
808 554 853 605 84.
867 549 928 620 Est,

91 635 133 685 est
144 629 275 704 profecto
289 626 338 684 illa
351 627 401 697 vie,
414 646 506 703 neque
520 627 550 683 in
561 626 606 683 his
620 627 785 703 corporibus
800 635 885 705 atque
899 629 929 686 in

90 708 143 764 hac
164 706 360 764 imbecillitate
380 713 478 763 nostra
498 707 573 763 inest
588 707 725 783 quiddam
741 708 818 784 quod
834 709 930 784 vigeat

91 795 119 845 et
134 788 245 857 sentiat,
258 794 287 844 et
298 806 356 843 nou
367 787 441 843 inest
455 786 485 842 iu
496 785 551 843 hoc
562 793 643 843 tanto
655 795 771 844 naturae
782 794 841 844 tam
852 807 930 865 prae-

91 867 165 924 claro
180 874 269 924 motu.
305 866 369 923 Nisi
386 867 461 922 forte
475 866 582 922 idcirco
596 885 654 922 nou
665 874 777 942 putant,
790 868 857 943 quia
870 887 929 924 uon

91 953 208 1023 apparet
225 951 277 1004 nec
299 947 430 1016 cernitur,
445 946 567 1023 proinde
588 947 668 1022 quasi
689 953 816 1003 nostram
837 947 928 1023 ipsam

91 1033 225 1098 mentem,
236 1046 292 1103 qua
306 1027 440 1102 sapimus,
452 1044 508 1101 qua
518 1026 776 1103 providemuquua
786 1026 855 1084 haec
866 1027 930 1102 ipsa

90 1106 202 1182 agimus
223 1125 255 1163 ao
276 1106 406 1177 dicimus,
418 1105 513 1162 videre
530 1111 579 1162 aut
595 1105 680 1183 plane
701 1106 792 1182 qualis
813 1114 862 1164 aut
878 1106 928 1163 ubi

91 1187 128 1243 sit
142 1186 246 1243 sentire
262 1186 412 1262 possimus.
456 1185 498 1242 Ea
511 1186 554 1242 vis
570 1186 659 1262 igitur
675 1186 746 1263 ipsa,
759 1205 831 1262 quae
846 1205 929 1262 saepo

90 1264 270 1323 incredibiles
286 1265 353 1321 lruic
370 1265 434 1321 urbi
455 1265 607 1322 felicitates
628 1272 713 1341 atque
732 1285 801 1340 opes
822 1265 927 1335 attulit,

91 1344 169 1401 illam
193 1345 349 1420 perniciem
373 1345 510 1401 exstinxit
535 1364 567 1400 ac
592 1344 714 1414 sustulit,
733 1345 779 1400 cui
803 1344 928 1419 primum

91 1431 218 1480 mentem
235 1424 341 1494 iniecit,
354 1432 386 1480 ut
401 1424 429 1479 vi
446 1424 556 1480 irritare
573 1423 705 1499 ferroque
722 1423 856 1480 lacessere
873 1424 930 1480 ior·

92 1502 236 1560 tissimum
253 1503 346 1558 virum
363 1502 480 1559 auderet
496 1503 711 1579 vincereturque
728 1502 763 1559 ab
785 1522 827 1573 ec,
844 1522 928 1580 quem

92 1583 116 1638 si
133 1582 254 1652 vicisset,
266 1581 415 1639 habiturus
432 1588 505 1638 esset
521 1582 722 1657 impunitatem
740 1589 769 1639 et
785 1582 929 1641 licentiam

93 1662 303 1737 sempiternam.
343 1668 388 1718 85.
405 1660 434 1718 N
435 1680 472 1717 on
487 1668 530 1718 est
543 1660 669 1717 humano
684 1662 811 1732 consilio,
823 1681 859 1718 nc
873 1681 931 1718 me-

93 1740 183 1797 diocri
195 1740 318 1817 quidem,
330 1741 447 1812 iudices,
457 1741 576 1797 deorum
590 1741 795 1797 immortalium
810 1760 930 1798 curares

93 1820 142 1877 illa
152 1821 285 1896 perfecta
321 1820 486 1897 Religiones
499 1820 660 1877 mehercule
671 1821 756 1896 ipsae,
769 1839 841 1897 quae
851 1820 930 1877 illam

92 1900 206 1957 beluam
220 1901 318 1958 cadere
329 1901 471 1971 viderunt,
484 1919 642 1957 commosse
656 1919 686 1957 se
697 1900 830 1957 videntur
843 1908 872 1957 et
886 1901 930 1957 ius

93 1981 123 2037 iu
140 1980 190 2037 illo
206 2000 290 2037 suum
309 1981 466 2038 retinuisse.
509 1979 571 2038 Vos
589 1980 665 2036 enim
686 1980 751 2051 iarn,
764 1979 871 2037 Albani
887 1988 930 2037 tu·

92 2061 163 2117 muli
177 2068 262 2138 atque
273 2060 337 2132 luci,
347 2080 407 2132 vos,
417 2061 543 2137 inquam,
556 2059 678 2137 imploro
693 2067 778 2137 atque
793 2059 928 2129 obtestor,

93 2160 208 2218 vosque,
225 2140 403 2198 Albanorum
429 2140 547 2197 obrutae
572 2159 643 2211 arae,
662 2159 805 2197 sacrorum
829 2139 930 2216 populi

92 2220 216 2277 Romani
230 2221 323 2278 sociae
335 2227 364 2277 et
375 2220 512 2297 aequales,
524 2239 595 2296 quae
605 2218 652 2276 ille
660 2239 796 2296 praeceps
806 2220 931 2276 amentia

93 2300 181 2356 caesis
190 2291 396 2376 prostratisque
410 2300 595 2356 sanctissimis
605 2299 676 2355 lucis
687 2299 930 2356 substructionum

81 2379 200 2435 'insanis
219 2379 343 2436 molibus
359 2386 555 2455 oppresserat:
576 2385 684 2436 vestrae
701 2385 772 2449 tum,
788 2397 860 2448 arae,
872 2398 932 2435 ves-

79 2464 154 2530 trae
170 2458 322 2535 religiones
336 2458 496 2534 viguerunt,
508 2465 601 2515 vestra
614 2458 657 2514 vis
673 2457 770 2526 valuit,
783 2476 869 2534 quam
883 2456 931 2514 ille

95 2538 174 2594 omni
193 2537 295 2595 scelere
315 2537 471 2615 polluerat:
493 2545 582 2615 tuque
603 2557 637 2594 ex
651 2542 703 2593 tuo
723 2537 803 2593 edito
822 2543 929 2607 moute,

95 2615 215 2673 Latiaris
226 2624 320 2674 sancte
332 2617 471 2694 Iuppiter,
480 2617 561 2674 cuius
571 2616 619 2674 ille
629 2617 715 2687 lacus,
725 2635 842 2673 nemora
851 2615 932 2672 fines·

96 2715 151 2772 que
168 2715 250 2772 saepe
267 2697 346 2753 omui
363 2698 473 2754 nefario
490 2704 589 2773 stupro
606 2704 635 2753 et
651 2696 753 2753 scelere
767 2695 930 2765 macularat,

95 2775 248 2852 aliquando
263 2777 299 2832 ad
313 2795 379 2833 eum
392 2776 586 2853 poeniendum
601 2775 698 2833 oculos
712 2775 864 2852 aperuisti:
885 2794 933 2831 vo

96 2854 140 2911 bis
156 2855 228 2926 illae,
240 2855 322 2912 vobis
338 2863 431 2914 vestro
450 2856 481 2913 in
502 2863 657 2932 conspectu
671 2873 760 2926 serae,
776 2855 826 2911 sed
843 2855 932 2911 iustae

95 2941 192 2992 tamen
207 2942 235 2991 et
246 2935 358 2992 debitae
368 2955 477 3013 poenae
491 2934 599 2992 solutae
614 2941 687 2992 suut.
724 2940 770 2992 86.
783 2933 847 2990 Nisi
857 2934 932 2990 forte

95 3013 151 3071 hoc
169 3014 255 3071 etiam
272 3033 339 3072 casu
354 3015 465 3072 factum
482 3034 542 3072 esse
559 3015 694 3085 dicemus,
706 3021 739 3071 ut
755 3020 821 3071 ante
838 3013 933 3089 ipsum

96 3094 249 3150 sacrarium
262 3093 363 3152 Bonae
383 3095 460 3167 deae,
477 3094 557 3173 quod
575 3100 621 3151 est
638 3094 674 3150 iu
690 3093 790 3149 tundo
803 3089 956 3144 massas

95 3172 176 3245 Galli,
191 3174 222 3231 in
237 3173 343 3252 primis
362 3173 484 3236 honesti
504 3182 536 3236 et
553 3174 656 3233 ornati
673 3161 980 3231 aduescentem

221 3273 260 3326 14
