1988 3480
272 115 350 166 6116,
367 114 559 176 xviri-xx,
575 112 589 174 s
604 115 694 165 ιι-ιιι.
875 119 906 164 ιι

69 235 105 274 ne
121 216 262 292 legaretur
277 215 314 274 A.
327 215 466 272 Gabinius
483 214 534 272 On.
545 214 687 291 Pompeio
708 215 854 292 expetenti
875 236 907 274 ao

68 296 234 374 postulanti.
277 295 385 354 Utrum
399 295 453 366 ille,
467 296 516 372 qui
530 295 657 372 postulat
671 295 836 351 adtentum
850 295 907 353 bel-

68 377 128 433 lum
146 377 272 452 legatum
291 394 376 451 quem
392 374 468 446 velit,
484 375 604 432 idoneus
620 394 678 431 non
696 382 739 431 est
756 376 805 452 qui
819 376 908 453 impe-

68 463 132 527 tret,
146 475 211 512 eum
229 456 314 512 ceteri
331 456 367 511 ad
384 455 551 531 expilandos
568 455 659 512 sooios
676 455 906 533 diripiendasque

68 536 228 613 provincias
244 554 315 611 quos
329 535 479 592 voluerunt
492 535 601 611 legatos
615 535 773 607 eduxerint,
786 555 822 592 an.
835 537 905 612 ipse,

69 616 149 673 euius
165 614 227 690 lege
248 614 323 671 salus
343 634 375 672 ac
392 615 518 691 dignitas
538 615 647 691 populo
668 616 800 672 Romano
821 623 907 692 atque

69 695 202 754 omnibus
222 693 357 771 gentibus
377 695 534 752 constituta
554 701 604 766 est,
621 714 720 772 expers
741 715 800 752 esse
822 695 907 753 debet

68 775 174 852 gloriae
189 775 250 832 eius
260 775 440 850 imperatoris
451 782 536 852 atque
547 775 608 832 eius
622 776 768 846 exereitus,
782 776 831 852 qui
842 795 907 832 eon·

69 855 131 912 silio
149 855 238 930 ipsius
255 874 286 911 ae
304 854 430 930 periculo
447 862 490 911 est
508 856 698 913 constitutus?
741 862 786 913 58.
805 854 853 912 An
873 854 904 913 O.

68 935 218 1005 Falcidius,
229 933 262 1002 Q.
272 934 412 1005 Metellus,
422 934 454 1003 Q.
465 934 577 992 Caelius
588 935 766 1007 Latiniensis,
776 935 827 992 Cn.
837 935 908 992 Len-

68 1015 153 1085 tulus,
173 1034 244 1091 quos
265 1031 364 1071 omnes
384 1014 502 1072 honoris
523 1035 606 1072 eausa
627 1015 753 1086 nomino,
773 1035 838 1072 6ιιιιι
858 1016 907 1073 tri·

67 1094 138 1151 buni
152 1094 229 1171 plebi
246 1095 376 1166 fuissent,
389 1115 464 1152 anno
481 1096 612 1173 proximo
627 1095 713 1171 legati
731 1114 791 1152 esse
807 1103 908 1172 potue-

67 1181 150 1232 runt:
172 1175 203 1230 in
217 1195 275 1232 uno
286 1174 411 1232 Gabinio
425 1183 491 1233 sunt
505 1183 564 1232 tam
579 1175 738 1250 diligentes,
752 1176 800 1252 qui
811 1176 841 1231 in
852 1175 907 1232 hoe

67 1255 150 1326 bello,
164 1255 243 1332 quod
261 1254 324 1332 lege
344 1255 467 1312 Gabinia
486 1257 601 1332 geritur,
618 1255 647 1311 in
664 1255 719 1312 hoc
736 1255 907 1331 imperatore

68 1342 153 1412 atquo
175 1335 308 1407 exercitu,
321 1354 404 1412 quem
423 1355 474 1412 per
494 1356 544 1392 vos
565 1336 626 1412 ipse
647 1335 804 1405 constituit,
821 1335 907 1391 etiam

67 1415 222 1491 praecipuo
240 1416 300 1472 iure
317 1434 377 1472 esse
394 1415 528 1472 deberet?
568 1415 614 1473 De
632 1434 688 1492 quo
703 1415 825 1491 legando
843 1434 908 1471 con-

69 1494 143 1550 sules
158 1514 240 1570 spero
258 1495 295 1551 ad
309 1501 438 1551 senatum
455 1495 608 1552 relaturos:
632 1495 681 1572 qni
696 1495 720 1551 si
734 1495 908 1551 dubitabunt

69 1580 119 1631 aut
135 1574 335 1650 gravabuntur,
349 1593 402 1650 ego
422 1594 469 1630 me
486 1575 622 1651 profiteor
641 1575 803 1645 relaturum,
816 1594 908 1650 neque

68 1673 116 1710 me
132 1654 271 1730 impediet
288 1654 455 1730 cuiusquam
472 1654 620 1711 inimicum
635 1655 769 1724 edietum,
787 1674 842 1730 quo
857 1655 909 1709 mi-

69 1753 123 1790 nus
144 1734 226 1791 vobis
247 1734 338 1791 fretus
359 1741 484 1790 vestrum
505 1734 549 1791 ius
569 1733 795 1810 beneficiumque
812 1734 909 1790 defen-

70 1812 135 1871 dam
138 1833 247 1890 ,neque
257 1820 338 1890 praet
340 1833 369 1870 e1·
326 1814 419 1870 in
421 1815 607 1871 ereessionem
617 1813 773 1906 quidquam
784 1814 907 1885 audiam,

70 1894 105 1951 de
123 1914 187 1971 qua,
200 1901 232 1951 ut
220 1894 323 1951 tarbit
311 1902 378 1964 t,ror
391 1894 439 1951 isti
456 1894 519 1971 ipsi,
533 1894 582 1971 qui
597 1895 752 1964 minantur,
766 1894 852 1951 etiam
869 1900 910 1950 at-

70 1994 125 2050 que
143 1982 171 2032 et
173 1975 229 2031 iam
251 1975 321 2051 quid
337 1974 421 2031 liceat
438 1973 665 2033 considerabunt.
708 1974 773 2030 Mea
792 1974 908 2110 quidem

70 2074 119 2111 sen
121 2055 218 2125 tentia,
235 2054 367 2125 Quirites,
383 2074 457 2111 unus
477 2054 513 2112 A
524 2054 664 2111 Gabinius
683 2054 752 2111 belli
772 2054 843 2110 mari
845 2054 908 2110 timi

70 2154 220 2211 rerumque
241 2142 385 2210 gestarum
406 2134 458 2192 Cn.
474 2135 615 2211 Pompeio
637 2133 730 2191 socius
751 2134 865 2191 ascribit
853 2141 907 2204 t,ur

69 2221 221 2290 propterea
239 2215 316 2290 quod
330 2215 369 2271 alt
357 2222 401 2271 ter
417 2214 467 2271 uni
484 2215 555 2271 illud
567 2214 678 2271 bellum
696 2178 909 2291 suscipiendum

70 2295 170 2350 vestris
185 2295 327 2370 suffragiis
342 2294 452 2365 detulit,
465 2294 536 2351 alter
549 2294 675 2351 delatum
690 2301 909 2370 susceptumque

70 2374 204 2431 coniecit.

110 2453 178 2510 XX.
214 2460 259 2511 59.
272 2454 426 2530 Reliquum
441 2461 527 2511 estut
538 2454 573 2511 de
586 2453 618 2522 Q.
630 2453 725 2510 Catuli
740 2453 909 2509 auctoritate

70 2540 100 2590 et
121 2534 262 2590 sententia
280 2535 433 2591 dieendum
454 2554 514 2590 esse
534 2535 669 2590 videatur.
713 2532 854 2600 Quicum
876 2551 909 2589 ex

70 2613 152 2670 vobis
167 2621 321 2689 quaereret,
337 2614 404 2670 siin
419 2633 477 2670 uno
493 2613 544 2670 Cn.
555 2613 696 2689 Pompeio
715 2612 811 2668 omnia
824 2631 910 2688 pone-

70 2694 147 2763 retis,
160 2694 184 2748 si
199 2694 269 2768 quid
283 2714 316 2751 eo
331 2694 440 2750 laetum
455 2699 536 2763 esset,
549 2693 578 2748 in
591 2712 648 2768 quo
660 2712 739 2769 spem
755 2693 852 2748 essetis
862 2691 910 2747 ha-

71 2771 167 2841 bituri,
180 2773 256 2849 oepit
270 2793 407 2849 magnum
423 2792 489 2830 suae
503 2773 617 2829 virtutis
630 2773 756 2829 fructum
772 2792 803 2829 ao
818 2771 911 2847 digni-

71 2851 147 2921 tatis,
169 2870 234 2908 eum
259 2872 357 2910 omues
377 2872 435 2910 una
458 2872 547 2929 prope
568 2871 637 2909 voee
662 2853 691 2908 in
717 2872 750 2909 6ο
775 2853 838 2928 ipso
859 2871 910 2907 vos

72 2951 153 3007 spem
173 2931 253 2989 habit
241 2939 321 2990 turos
342 2953 401 2990 esse
418 2933 538 2989 dixistis.
580 2931 696 2988 Eenim
713 2932 778 2988 talis
799 2938 841 2987 est
858 2932 908 2999 vir,

71 3019 104 3068 ut
119 3011 197 3068 nulla
212 3031 256 3068 res
270 3019 332 3070 tant
320 3020 350 3070 ιιι
371 3014 408 3069 61ι
422 3033 454 3069 ae
468 3020 528 3069 tam
545 3010 676 3081 difficilis,
690 3031 774 3088 quam
789 3011 836 3067 ille
850 3030 908 3066 non

71 3098 101 3148 et
118 3090 237 3148 oonsilio
253 3111 349 3169 regere
367 3100 395 3149 et
412 3093 577 3169 integritate
592 3092 672 3148 tueri
682 3099 716 3146 et
723 3091 838 3144 6666666
851 3109 920 3139 666-

68 3169 152 3230 fieere
164 3171 268 3250 possit
247 3172 409 3232 tSediu
419 3173 499 3232 boe
494 3192 564 3251 ipso
579 3171 617 3228 ab
632 3188 670 3225 eo
680 3161 877 3222 6666666666
857 3158 953 3203 666666
