1988 3480
203 132 205 136 ⁴
287 115 658 177 cAP.v111.-x.,§23-aa
848 115 894 161 211

58 222 112 279 hoc
126 221 212 279 verbo
227 220 285 277 scio
300 217 409 275 laudari
422 235 518 294 regem
533 236 591 273 non
606 216 703 274 solere.
746 217 834 298 Frugi
847 218 897 277 ho·

57 302 164 374 minem
186 299 243 356 dici
260 317 318 355 non
336 297 459 355 multum
475 296 562 353 habet
578 296 670 354 laudis
687 297 717 354 in
734 317 817 374 rege:
839 300 897 356 for·

56 389 124 452 tom,
134 381 250 449 iustum,
261 397 397 447 severum,
407 377 765 453 gravemmagnanimum,
775 377 894 456 largum,

57 459 224 529 beneficum,
234 456 395 515 liberalem:
418 456 470 512 bae
482 462 549 513 sunt
560 456 653 532 regiae
666 456 772 528 laudes,
782 458 831 516 illa
840 461 896 537 pri-

57 547 122 597 vata
146 546 196 596 est.
239 538 283 596 Ut
307 536 383 593 volet
408 536 536 613 quisquc,
556 536 695 611 accipiat:
721 557 775 614 ego
799 546 896 598 tamen

56 619 260 695 frugalitatem,
272 618 304 675 id
317 623 361 674 est
374 615 545 673 modestiam
562 621 591 671 et
605 618 832 692 temperantiam,
843 620 896 676 vir·

56 706 149 756 tutem
162 699 317 756 maximam
331 695 435 753 iudico.
471 694 552 753 Haec
565 693 596 751 in
609 694 659 752 illo
673 704 716 754 est
729 697 765 754 ab
779 694 895 757 ineunte

57 785 149 837 aetate
165 797 232 835 curn
246 797 263 834 a
277 782 380 834 cuncta
392 774 471 846 Asia,
484 793 549 831 cunr
564 794 581 831 a
594 776 808 853 magistratibus
821 778 896 856 lega-

57 859 150 935 tisque
163 857 276 928 nostris,
286 863 349 914 tum
362 855 399 912 ab
414 854 558 932 equitibus
568 854 714 928 Romanis,
726 858 774 934 qui
784 859 814 914 in
825 859 896 916 Asia

56 938 196 1014 negotiati
211 943 284 1007 sunt,
298 941 447 1013 perspecta
461 941 490 992 et
504 936 627 1011 cognita
671 937 716 995 27.
732 937 832 995 Multis
847 938 895 995 ille

57 1017 173 1094 quidem
189 1016 325 1094 gradibus
346 1014 506 1072 officiorum
522 1034 589 1093 erga
606 1035 667 1074 rem
684 1016 827 1093 publicam
847 1037 896 1074 no-

57 1105 144 1155 stram
165 1096 277 1154 adhoc
298 1095 410 1172 regium
430 1115 536 1153 nomen
557 1096 702 1153 ascendit:
728 1097 779 1154 sed
798 1105 895 1155 tamen

57 1177 197 1255 quidquid
218 1196 235 1234 a
254 1175 336 1241 bellis
357 1175 458 1253 populi
476 1176 600 1233 Romani
618 1176 743 1247 vacabat,
759 1196 825 1233 cum
845 1177 896 1233 ho-

56 1258 182 1314 minibus
195 1257 301 1314 nostris
311 1255 539 1325 consuetudines
550 1256 697 1325 amicitiae,
707 1275 751 1312 res
761 1257 896 1312 rationes-

57 1356 112 1412 que
132 1335 277 1412 iungebat,
293 1343 326 1392 ut
346 1354 404 1391 non
430 1335 523 1391 solum
542 1334 697 1391 tetrarches
718 1335 829 1406 nobilis
846 1335 896 1392 sed

57 1416 144 1473 etiam
159 1415 286 1492 optimus
300 1422 381 1492 pater
394 1413 518 1470 familias
535 1420 568 1470 et
578 1413 813 1490 diligentissimus
824 1415 896 1492 agri-

57 1494 120 1552 cola
136 1502 165 1552 et
181 1495 329 1572 pecuarius
345 1493 503 1551 haberetur.
546 1491 603 1560 Qui
619 1493 708 1570 igitur
723 1494 894 1565 adolescere,

58 1575 188 1632 nondum
209 1580 289 1632 tanta
309 1574 399 1651 gloria
419 1572 572 1650 praeditus
588 1572 659 1629 nihil
680 1593 816 1650 umquam
841 1575 896 1631 nisi

58 1655 233 1712 severissime
251 1662 279 1711 et
295 1653 461 1731 gravissime
477 1653 586 1724 fecerit,
598 1653 623 1708 is
637 1672 670 1709 ea
686 1654 896 1711 existimatione

59 1755 147 1812 eaque
159 1741 251 1792 aetate
262 1733 392 1790 saltavit?
429 1732 467 1790 X.
492 1738 537 1789 28.
550 1732 669 1803 Imitari,
680 1732 789 1803 Castor,
798 1734 897 1810 potius

59 1815 105 1872 avi
122 1834 217 1872 mores
239 1813 476 1890 disciplinamque
497 1812 619 1869 debebas
636 1832 721 1890 quam
739 1813 850 1890 optimo
868 1819 896 1871 et

34 1926 36 1930 Α
59 1896 215 1953 clarissimo
236 1894 297 1952 viro
317 1893 435 1970 fugitivi
455 1912 503 1950 ore
528 1892 723 1951 maledicere.
766 1892 851 1961 Quod
872 1894 896 1949 si

59 1976 221 2033 saltatorem
243 1993 328 2030 aium
345 1972 491 2031 habuisses
511 1992 603 2049 neque
624 1992 690 2030 eum
707 1973 808 2044 virum,
820 1973 896 2030 unde

57 2056 176 2134 pudoris
186 2054 400 2132 pudicitiaeque
412 2052 542 2130 exempla
551 2059 723 2129 peterentur,
733 2060 829 2110 tamen
840 2052 896 2110 hoc

58 2136 242 2194 maledictum
270 2135 389 2191 minime
413 2133 444 2189 in
471 2133 549 2191 illam
577 2139 698 2190 aetatem
723 2133 894 2190 conveniret.

59 2215 168 2284 Quibus
179 2215 226 2272 ille
241 2214 342 2271 studiis
356 2213 393 2270 ab
403 2213 519 2270 ineunte
532 2219 625 2270 aetate
639 2232 668 2269 se
679 2212 827 2283 imbuerat,
838 2232 896 2269 non
948 2274 950 2279 ἢ

60 2295 189 2366 saltandi,
200 2295 250 2351 sed
263 2294 336 2350 bene
350 2300 382 2349 ut
397 2293 489 2363 armiS,
500 2292 609 2368 optimc
623 2298 656 2348 ut
667 2292 747 2368 equis
760 2298 895 2362 uteretur,

60 2393 93 2431 oa
108 2382 205 2431 tamen
222 2374 303 2430 illum
318 2378 421 2430 cuncta
433 2371 490 2428 iam
505 2377 603 2428 exacta
619 2377 711 2428 aetate
726 2371 894 2430 defecerant.

60 2454 160 2531 Itaque
174 2453 343 2511 Deiotarum
358 2469 424 2508 cum
438 2451 533 2527 plures
547 2451 577 2506 in
589 2469 694 2526 equum
708 2449 898 2521 sustulissent,

61 2534 139 2610 quod
149 2533 263 2591 haerere
274 2533 303 2588 in
315 2551 349 2588 eo
364 2550 448 2588 senex
463 2536 568 2606 posset,
578 2528 712 2586 admirari
722 2529 896 2586 solebamus:

60 2612 107 2670 hic
127 2633 194 2671 vero
218 2611 389 2680 adolescens,
406 2610 456 2687 qui
481 2629 562 2686 incus
586 2609 617 2666 in
641 2608 742 2666 Cilicia
762 2609 852 2679 miles,
868 2609 897 2664 in

60 2692 179 2749 Graecia
198 2691 357 2749 commilito
378 2691 444 2761 fuit,
456 2688 522 2747 cum
542 2691 573 2746 in
594 2689 644 2746 illo
661 2696 759 2746 nostro
774 2689 897 2746 exercitu

62 2772 201 2848 equitaret
215 2791 280 2828 curn
297 2771 355 2828 suis
372 2770 490 2828 delectis
506 2769 659 2845 equitibus,
671 2788 743 2845 quos
758 2788 816 2826 una
832 2787 898 2825 cum

62 2871 95 2907 co
107 2851 143 2907 ad
152 2850 322 2927 Pompeium
334 2857 416 2928 pater
425 2849 549 2919 miserat,
560 2868 632 2925 quos
643 2868 795 2906 concursus
805 2848 898 2905 facere

62 2928 186 2986 solebat!
212 2949 296 3006 quam
320 2950 349 2987 se
373 2930 493 2986 iactare!
519 2948 605 3004 quarn
629 2929 786 2984 ostentare!
813 2945 898 3003 quam

62 3010 170 3066 nemini
187 3009 216 3066 in
234 3008 282 3065 illa
297 3028 381 3065 causa
397 3009 494 3065 studio
511 3015 540 3064 et
555 3007 711 3083 cupiditate
727 3006 897 3063 concedere!

62 3095 109 3146 29.
125 3089 199 3147 Cum
214 3107 280 3145 vero
295 3088 421 3145 exercitu
435 3087 539 3144 amisso
554 3105 618 3162 ego,
630 3087 681 3162 qui
693 3087 776 3161 pacis
787 3102 911 3160 sem}

62 3176 161 3227 auctor
174 3169 218 3226 fui
236 3162 317 3247 [post
331 3166 537 3226 Pharsalicum
550 3161 848 3243 preelxuubsxxesex
857 3154 934 3200 &sss
