1988 3480
70 112 102 161 ro
229 109 269 159 1n
286 109 316 158 u.
329 84 532 159 cn'rimnnn
549 107 683 159 onnno
700 106 748 156 m.

70 230 170 270 omncs
184 210 320 268 scelerum
335 228 442 286 poenas
457 208 617 266 ademisset.
655 207 755 285 ltaque
770 216 807 267 ut
820 209 930 289 aliqua

70 293 100 349 in
118 292 178 348 vita
192 291 319 348 formido
336 288 475 367 improbis
495 296 569 347 esset
590 289 691 366 posit-a,
707 288 788 365 apud
805 289 928 350 inferos

70 372 131 429 cius
147 371 228 429 modi
242 370 381 448 quaedam
399 369 440 426 illi
454 369 563 446 antiqui
580 368 720 445 supplicia
733 369 836 446 impiis
851 390 927 429 con·

71 453 172 509 stituta
185 470 247 509 esse
259 451 417 518 voluerunt,
429 449 506 526 qumi
521 448 652 506 videlicet
667 448 874 525 intelligebant
885 452 926 509 iis

71 532 188 589 remotis
202 551 261 589 non
275 550 336 589 esse
349 537 472 587 mortem
487 530 578 606 ipsam
593 529 865 605 pertimescendam.

111 612 147 672 V.
181 617 207 669 9.
221 611 305 668 Nunc
319 629 382 687 ego,
394 609 484 686 patris
498 609 660 685 conscripti,
671 627 737 666 mea
744 608 831 667 video
843 611 924 688 quid

71 691 190 749 intersit.
226 690 257 748 Si
272 691 350 748 eritis
365 689 453 747 secuti
468 689 638 746 sententiam
653 688 685 746 O.
696 688 833 760 Caesaris,
844 709 922 767 quo-
951 750 956 755 ,

72 771 148 828 niam
165 771 238 828 hanc
255 771 281 826 is
296 771 326 826 in
343 789 373 827 re
389 769 505 845 publica
518 769 602 839 viam,
615 788 687 846 quac
703 767 854 845 popularis
867 770 922 828 ha·

71 850 161 921 betur,
174 857 287 907 secutus
308 856 361 919 est,
371 849 493 906 fortasse
508 848 604 906 minus
620 855 704 906 erunt
719 848 775 904 hoc
795 856 922 909 auctore

71 938 100 1003 et
117 930 264 1006 cognitore
281 929 399 985 huiusce
421 929 578 986 sententiae
599 928 670 985 mibi
691 928 845 1004 populares
861 930 921 987 im·

71 1016 155 1086 petus
175 1008 414 1084 pertimescendi:
439 1009 483 1065 sin
505 1008 583 1064 illam
607 1008 733 1078 alterum,
755 1009 853 1066 neseio
876 1029 918 1067 au

71 1089 194 1166 amplius
208 1089 281 1146 mihi
295 1089 405 1165 negotii
419 1087 612 1146 contrahatur.
653 1088 710 1145 Sed
724 1096 821 1145 tamen
836 1108 921 1147 mce-

71 1189 135 1227 rum
146 1169 337 1246 periculorum
351 1169 477 1226 rationes
489 1168 598 1226 utilitas
611 1169 650 1225 rei
665 1168 798 1244 publicae
806 1168 917 1228 vincat.

72 1249 220 1308 Habemus
242 1249 319 1308 enim
343 1268 362 1306 a
384 1249 511 1320 Caesare,
530 1248 604 1306 sicut
624 1249 714 1325 ipsius
734 1248 863 1324 dignitas
884 1256 918 1307 et

71 1331 213 1404 maiorum
227 1331 288 1388 cius
301 1329 462 1406 amplitude
476 1328 646 1406 postulabat,
660 1328 829 1386 sententiam
840 1335 919 1387 tam·

73 1430 158 1488 quam
169 1410 299 1468 obsidem
310 1417 464 1487 perpetuae
476 1410 505 1466 in
520 1409 735 1484 rempublicam
747 1407 914 1468 veluntatis

73 1490 252 1549 Intellectum
267 1498 310 1549 est
321 1489 391 1567 quid
404 1491 552 1547 interesset
563 1488 637 1544 inter
648 1488 792 1545 levitatem
803 1489 918 1547 centio-

72 1579 205 1630 natorum
226 1578 255 1629 ct
275 1571 403 1628 annuum
424 1589 488 1627 vere
509 1568 688 1645 popularem,
705 1568 789 1625 saluti
810 1569 917 1645 pepuli

73 1653 275 1710 consulentem.
320 1656 366 1708 10.
381 1650 477 1708 Video
498 1650 534 1706 de
555 1649 626 1719 istis,
639 1649 688 1725 qui
709 1667 739 1705 sc
759 1648 917 1725 populares

73 1731 170 1789 haberi
187 1732 296 1801 volunt,
307 1730 404 1787 abesse
421 1749 479 1785 non
496 1729 649 1799 neminem,
662 1748 698 1786 ne
715 1728 859 1806 decapite
873 1730 917 1787 vi-

73 1811 176 1868 delicet
192 1811 297 1867 civium
313 1808 510 1866 Romanorum
529 1809 699 1865 sententiam
716 1808 798 1867 ferat.
840 1808 870 1866 ls
884 1816 916 1868 ct

73 1890 178 1946 nudius
194 1889 295 1945 tertius
311 1888 342 1944 in
359 1887 517 1945 custodiam
535 1888 610 1945 cives
623 1888 770 1946 Romanos
786 1888 867 1946 dedit
884 1895 916 1947 et

74 1968 310 2044 supplicationem
327 1966 401 2023 mihi
415 1966 540 2024 decrevit
554 1975 582 2025 et
595 1969 706 2029 indices
719 1969 851 2027 hesterno
865 1968 916 2027 die

73 2047 205 2104 maximis
219 2046 354 2124 praemiis
366 2046 481 2104 adfecit.
524 2047 584 2104 Iam
598 2048 654 2106 boc
669 2050 777 2106 nemini
792 2048 915 2106 dubium

74 2135 125 2198 est,
138 2128 187 2204 qui
208 2146 256 2184 reo
277 2126 445 2197 custodiam,
457 2128 611 2204 quaesitori
630 2129 860 2206 gratulationem,
871 2129 917 2186 in·

74 2208 131 2266 dici
141 2207 301 2284 praemium
313 2206 440 2277 decrerit,
454 2207 524 2283 quid
538 2208 575 2266 de
584 2216 647 2266 tota
661 2229 692 2267 re
705 2217 733 2266 et
745 2228 828 2266 causa
841 2208 918 2265 iudi·

74 2288 152 2346 canit.
190 2287 233 2345 At
251 2306 317 2344 vero
340 2286 373 2344 Ο.
386 2285 489 2344 Caesar
512 2289 648 2365 intelligit
668 2289 760 2365 legem
782 2288 917 2365 Sempro·

74 2369 152 2425 niam
168 2387 229 2426 esse
245 2367 280 2424 de
297 2366 407 2424 civibus
420 2366 560 2425 Romanis
576 2369 778 2425 constitutam:
801 2368 850 2446 qui
867 2388 916 2425 au·

74 2455 134 2506 tem
154 2448 194 2506 rci
214 2446 346 2525 publicae
366 2447 404 2504 sit
420 2447 519 2518 hostis,
535 2466 600 2504 eum
618 2448 708 2505 civem
725 2448 804 2505 nullo
824 2448 916 2506 modo

75 2547 136 2587 esse
145 2546 244 2605 posse:
266 2527 390 2605 denique
404 2527 499 2605 ipsum
512 2526 632 2584 latorem
644 2527 831 2604 Semproniae
842 2528 917 2605 legis

75 2608 152 2665 iussu
169 2607 269 2685 populi
286 2627 395 2685 poenas
409 2608 450 2666 rei
467 2607 597 2684 publicae
614 2607 789 2684 dependisse.
833 2608 914 2665 Idem

75 2688 170 2764 ipsum
181 2687 343 2761 Lentulum,
355 2689 520 2766 largitorem
534 2695 563 2745 et
576 2688 739 2764 prodigum,
751 2708 809 2746 non
820 2694 915 2765 putat,

76 2786 141 2824 cum
159 2766 194 2824 de
214 2769 340 2844 pernicie
357 2769 458 2846 populi
477 2767 609 2839 Romani,
622 2769 710 2826 exitio
731 2769 816 2826 huius
837 2768 917 2825 urbis

76 2854 136 2904 tam
152 2847 263 2918 acerbe,
273 2855 333 2905 tam
351 2849 502 2907 crudeliter
522 2848 663 2924 cogitarit,
676 2850 761 2907 etiam
778 2848 915 2927 appellari

76 2946 160 3003 pesse
180 2929 356 3005 popularem.
399 2929 500 3005 Itaque
524 2927 614 2984 homo
637 2930 805 2986 mitissimus
829 2936 916 3006 atque

76 3007 238 3064 lenissimus
251 3028 309 3065 non
325 3009 437 3066 dubitat
448 3009 480 3064 P.
492 3007 646 3064 Lentulum
660 3010 780 3066 aeternis
791 3009 916 3066 tenebris

77 3087 253 3165 vinculisque
272 3089 407 3146 mandare
428 3095 457 3145 et
473 3089 563 3145 sancit
580 3089 610 3145 in
627 3096 830 3166 posterasque
852 3088 917 3165 quis

77 3167 162 3225 huius
179 3167 320 3245 supplicio
341 3167 461 3226 levando
483 3186 512 3223 sc
531 3168 636 3252 iactare
661 3177 690 3227 et
710 3169 740 3224 in
760 3169 916 3235 perniciem
