1988 3480
330 126 410 176 cnr.
427 127 569 189 vri-rx,
586 126 600 187 5
616 128 704 178 ar-rr.
775 109 777 112 ’
894 129 941 176 rae

97 229 226 288 sananda
240 235 315 300 sunt,
329 227 432 305 quibus
445 234 557 303 praeter
571 234 600 285 te
613 227 722 285 mederi
735 247 821 286 nemo
836 236 939 305 potest

98 318 146 368 25.
161 309 262 386 Itaque
276 308 354 365 illam
368 313 448 364 tuam
463 307 714 385 praeclarissimam
730 316 759 366 et
770 309 941 385 sapientissi-

99 411 178 448 mam
199 408 298 447 vocem
320 389 428 446 invitus
448 387 561 445 audivi:
591 387 666 446 Satis
687 388 736 445 diu
760 389 803 446 vel
824 396 941 448 naturae

99 472 159 528 vixi
180 471 225 528 vel
244 469 359 546 gloriae.
402 467 486 539 Satis,
502 468 526 525 si
546 469 588 525 ita
608 469 658 539 vis,
674 469 794 526 fortasse
815 476 940 542 naturae,

99 552 177 609 addo
186 551 282 621 etiam,
293 550 317 606 si
325 548 427 625 placet,
437 549 560 626 gloriae:
579 555 616 619 at,
627 549 706 624 quod
720 549 876 606 maximum
888 557 940 622 est,

99 632 210 710 patriae
226 638 301 688 certe
317 648 427 706 parum.
469 627 580 697 Quare
601 629 703 686 omitte
720 629 813 700 istam,
827 649 940 705 quaeso,

99 713 250 769 doctorum
268 710 421 767 hominum
437 709 468 765 in
486 709 696 766 contemnenda
711 715 804 765 morte
821 709 941 785 prudeu-

98 792 188 850 tiam:
209 791 270 847 noli
284 797 382 848 nostro
394 788 521 866 periculo
532 807 592 846 esse
607 789 725 865 sapiens.
763 787 853 864 Saepe
863 789 941 846 enim

100 872 179 928 venit
196 871 233 929 ad
249 891 329 928 aures
346 889 432 941 meas,
444 877 473 927 te
490 869 568 926 idem
588 868 666 926 istud
682 869 768 926 nimis
785 867 883 926 erebro
901 869 942 926 di·

99 971 162 1009 cere
179 951 233 1008 tibi
250 951 318 1008 satis
335 957 364 1007 te
381 951 491 1008 vixisse.
535 948 646 1007 Credo:
668 948 798 1006 sedtum
816 948 847 1005 id
862 949 942 1006 audi·

98 1032 205 1103 rem,si
226 1031 280 1088 tibi
299 1031 353 1088 soli
369 1031 478 1088 viveres
498 1037 548 1087 aut
565 1031 588 1087 si
605 1029 660 1088 tibi
677 1029 764 1088 etiam
787 1029 840 1086 soli
857 1035 942 1087 natus

97 1130 190 1170 esses:
212 1131 296 1183 nune,
309 1131 375 1168 oum
392 1111 523 1168 omnium
540 1109 660 1168 salutem
677 1110 784 1167 civium
798 1117 941 1166 cunctam·

100 1211 154 1268 que
171 1211 232 1248 rem
249 1191 393 1268 publicam
413 1210 457 1248 res
474 1198 540 1247 tuae
560 1198 657 1267 gestae
678 1190 843 1267 complexae
864 1197 939 1261 sunt,

98 1279 211 1328 tantum
234 1270 300 1328 abes
320 1291 337 1328 a
355 1271 533 1347 perfectione
553 1271 745 1327 maximorum
765 1289 893 1346 operum,
908 1277 941 1326 ut

97 1351 289 1408 fundamenta
310 1351 440 1406 nondum
462 1369 533 1426 quae
554 1351 664 1426 cogitas
685 1350 791 1406 leceris
834 1349 891 1405 Hie
908 1356 942 1406 tu

98 1431 219 1487 modum
231 1431 306 1487 vitae
320 1437 386 1486 tuae
400 1449 459 1486 non
477 1428 567 1486 salute
581 1430 622 1486 rei
636 1429 774 1506 publicae,
787 1429 837 1486 sed
847 1429 941 1505 aequi-

98 1517 158 1570 tate
176 1510 265 1566 animi
282 1509 416 1566 definies?
457 1508 542 1580 Quid,
555 1509 579 1565 si
599 1509 730 1567 istudne
749 1509 856 1586 gloriae
875 1516 941 1566 tuae

98 1590 217 1666 quidem
235 1590 303 1646 satis
320 1590 380 1646 esti
401 1588 481 1645 euius
501 1595 531 1646 te
550 1607 610 1646 esse
627 1589 831 1660 avidissimum,
845 1608 942 1666 quarn-

99 1670 142 1725 vis
164 1670 202 1725 sis
219 1669 344 1745 sapiens,
363 1688 421 1725 non
444 1668 569 1745 negabis.
612 1675 659 1726 26.
677 1669 821 1726 Parumne
843 1669 939 1746 igitur,

98 1749 220 1825 inquies,
233 1749 354 1826 gloriam
372 1767 505 1824 magnam
521 1749 731 1826 relinquemusl
765 1748 859 1806 lmmo
874 1769 940 1806 vero

99 1827 162 1886 aliis
187 1830 316 1906 quamvis
340 1828 440 1886 multis
461 1829 536 1900 satis,
555 1828 609 1886 tibi
632 1830 682 1887 uni
702 1849 810 1907 parum.
854 1829 942 1898 Quid-

98 1909 170 1986 quid
179 1916 222 1966 est
232 1910 318 1981 enim,
327 1909 457 1986 quamvis
465 1909 593 1986 amplum
605 1909 650 1980 sit,
659 1909 690 1967 id
700 1917 743 1967 est
754 1916 829 1966 certe
840 1929 941 1986 parum

98 1997 170 2061 tum,
184 2009 256 2057 eum,
267 1997 310 2047 est
326 1989 436 2067 aliquid
453 1988 583 2066 amplius
626 1989 712 2058 Quod
729 1990 752 2046 si
770 2009 863 2048 rerum
880 1997 942 2047 tua·

97 2087 162 2125 rum
179 2069 394 2141 immortalium,
407 2069 438 2127 C.
448 2069 558 2141 Caesar,
571 2069 618 2127 hie
636 2070 728 2128 exitus
742 2071 856 2127 futurus
873 2070 938 2141 luit,

98 2156 133 2205 ut
149 2148 270 2206 devietis
286 2149 453 2206 adversariis
469 2169 529 2206 rem
546 2150 690 2227 publicam
708 2151 738 2206 iu
756 2169 790 2207 eo
808 2157 884 2207 statu
900 2169 942 2208 re·

99 2229 249 2305 linqueres,
261 2230 290 2286 in
302 2250 359 2305 quo
373 2249 450 2286 nune
464 2237 515 2300 est,
526 2230 598 2300 vide,
612 2250 724 2308 quaeso,
737 2249 773 2288 ne
784 2238 833 2287 tua
844 2231 941 2287 divina

98 2309 190 2365 virtus
207 2309 403 2366 admirationis
422 2309 487 2385 plus
506 2311 543 2366 sit
562 2310 695 2367 habitura
712 2330 796 2386 quam
814 2310 939 2386 gloriae:
971 2376 972 2379 Ἴ

99 2388 122 2443 si
139 2387 254 2463 quidem
268 2387 360 2464 gloria
374 2396 416 2445 est
428 2388 543 2446 illustris
558 2409 589 2446 ae
604 2397 757 2467 pervagata
770 2409 940 2465 magnorum

100 2467 144 2522 vel
159 2467 189 2523 in
207 2486 273 2524 suos
292 2468 334 2525 vol
351 2469 381 2525 in
398 2469 519 2544 patriam
534 2469 578 2526 vel
593 2470 622 2525 in
641 2489 726 2526 omne
742 2489 833 2546 genus
849 2469 938 2526 homi·

100 2565 170 2603 num
184 2548 262 2603 fama
278 2549 454 2605 meritorum.
493 2549 546 2606 IX.
574 2550 620 2606 27.
637 2549 716 2606 llaec
731 2549 819 2625 igitur
832 2549 886 2605 tibi
901 2568 937 2605 re-

100 2627 178 2703 liqua
192 2646 256 2703 pars
274 2635 332 2684 est:
354 2627 401 2685 hie
415 2635 502 2686 restat
520 2637 607 2699 aetus,
620 2629 650 2685 in
664 2629 719 2685 hoe
737 2628 939 2686 elaborandum

101 2713 151 2777 est,
168 2715 200 2776 ut
217 2726 276 2763 rem
297 2707 441 2784 publicam
463 2709 628 2780 constituas,
639 2728 726 2785 eaque
743 2716 776 2765 tu
793 2709 823 2765 in
840 2709 940 2785 primis

101 2805 212 2844 summa
233 2788 439 2864 tranquillitate
460 2795 489 2845 et
510 2789 570 2845 otio
592 2790 753 2865 perfruere:
779 2796 841 2846 tum
863 2796 900 2858 te,
916 2789 938 2845 si

101 2866 187 2936 voles,
201 2885 265 2922 eum
287 2867 394 2943 patriae
417 2867 494 2944 quod
515 2867 601 2925 debes
623 2869 738 2926 solveris
759 2876 788 2926 et
809 2876 938 2926 naturam

101 2948 193 3023 ipsam
215 2946 369 3022 expleveris
391 2947 520 3004 satietate
541 2948 664 3020 vivendi,
677 2949 745 3006 satis
766 2949 815 3006 diu
837 2948 940 3005 vixisse

101 3026 199 3084 dicito.
242 3026 318 3094 Quid
340 3027 416 3083 enim
439 3035 482 3084 est
503 3028 621 3085 omnino
643 3029 698 3086 hoe
719 3029 813 3105 ipsum
836 3028 893 3099 diu,
909 3028 939 3084 iu

102 3125 157 3182 quo
175 3113 218 3163 est
234 3106 342 3183 aliquid
360 3109 537 3164 extremum?
558 3109 642 3186 quod
658 3128 731 3164 eum
745 3109 847 3170 neda,
858 3105 964 3155 mxu

102 3185 231 3262 voluptas
250 3187 408 3264 praeterita
424 3208 480 3268 pro
496 3188 597 3247 niuno
614 3186 761 3263 anquis
770 3185 889 3258 qestea
900 3169 959 3221 a&
980 3199 984 3207 ·

228 3285 237 3316 1
247 3285 263 3316 Κ
