1988 3480
378 125 708 189 onr.1n.-V.,§a1a
933 129 950 175 s

112 247 168 288 uno
178 237 308 306 tempore
322 229 430 286 necatis
441 247 498 306 quo
508 227 626 286 tandem
640 228 737 286 animo
751 245 811 286 esse
822 226 951 286 debetisl

110 309 211 387 Legati
233 309 310 386 quod
333 315 413 366 erant
437 308 574 385 appellati
601 308 758 385 superbius,
777 306 950 365 Corinthum

110 397 205 467 patres
221 389 307 446 vestri
324 389 414 446 totius
430 388 564 446 Graeciae
581 388 678 446 lumen
699 387 872 445 exstinctum
891 406 952 445 esse

110 469 278 527 voluerunt:
300 488 351 525 vos
371 487 436 525 eum
455 486 553 544 regern
569 459 694 525 inultum
715 487 775 531 esse
791 468 951 544 patiemini,

112 551 161 626 qui
180 549 307 626 legatum
327 549 428 625 populi
444 547 569 605 Romani
586 547 763 605 consularem
778 547 898 605 vinculis
919 568 952 606 ac

111 628 274 686 verberibus
285 636 370 705 atque
380 629 460 685 omni
471 627 613 705 supplicio
621 627 813 685 excruciatum
824 628 953 686 necavitl

112 708 157 765 llli
174 708 335 766 libertatem
351 709 536 765 imminutam
553 707 658 764 civium
675 707 872 764 Romanorum
894 727 950 764 non

111 788 254 846 tulerunt:
276 807 328 845 vos
346 795 474 864 ereptam
492 787 581 844 vitam
603 787 773 864 negligetis?
814 787 863 842 Ius
879 786 953 862 lega·-

79 912 83 918 .
112 868 199 925 tionis
209 868 296 925 verbo
308 868 447 925 violatum
457 867 499 924 illi
510 867 652 944 persecuti
663 873 746 924 sunt:
764 885 815 923 vos
826 866 952 942 legatum

113 949 192 1004 omui
209 948 350 1024 supplicio
365 948 550 1005 interfectum
566 947 752 1024 relinquetis?
788 946 953 1003 invidete.

113 1047 156 1096 nc,
172 1034 205 1084 ut
222 1027 277 1084 illis
293 1028 517 1104 pulcherrimum
537 1027 596 1084 fuit
612 1034 722 1085 tantam
739 1027 821 1084 vobis
839 1025 953 1102 imperii

113 1107 233 1184 gloriam
249 1107 368 1179 tradere,
384 1108 424 1165 sic
445 1107 527 1165 vobis
547 1108 746 1185 turpissimum
766 1107 804 1164 sit
820 1107 859 1178 id,
875 1105 953 1183 quod

113 1187 268 1264 accepistis
280 1188 354 1245 tueri
369 1195 398 1245 et
412 1207 577 1245 conservare
591 1207 650 1245 non
663 1207 755 1265 posse.

153 1267 238 1339 Quid,
251 1267 329 1344 quod
344 1268 418 1325 salus
432 1268 574 1325 sociomm
592 1287 737 1325 summum
751 1267 781 1324 in
795 1265 953 1342 periculum

113 1367 146 1405 ac
160 1347 312 1407 discrimen
325 1355 452 1419 vocatur,
465 1367 523 1424 quo
536 1348 654 1405 tandem
671 1347 768 1404 animo
782 1347 857 1404 ferre
871 1345 954 1403 debc-

113 1428 169 1484 tisl
210 1427 311 1503 Regno
336 1434 380 1484 cst
401 1428 535 1503 expulsus
556 1427 764 1484 Ariobarzanes
785 1445 842 1497 rex,
861 1426 954 1483 socius

114 1505 216 1582 populi
231 1505 356 1562 Romani
376 1513 463 1583 atquo
484 1507 608 1563 amicus:
630 1507 782 1564 imminent
799 1506 856 1563 duo
873 1524 954 1581 reges

114 1585 171 1642 toti
188 1585 274 1641 Asiae
295 1603 354 1641 non
375 1585 467 1640 solum
485 1585 566 1641 vobis
582 1586 780 1655 inimicissimi,
797 1585 847 1641 sed
867 1585 953 1641 etiam

115 1665 216 1721 vestris
242 1664 326 1720 sociis
350 1671 435 1740 atque
460 1664 566 1734 amicis,
585 1665 714 1721 civitates
738 1671 834 1721 autern
855 1682 954 1720 omnes

116 1750 219 1801 cuncta
234 1743 306 1800 Asia
320 1749 405 1820 atquc
419 1743 537 1800 Graecia
547 1750 672 1800 vestrum
689 1742 825 1800 auxilium
843 1761 955 1818 exspec-

115 1829 175 1880 tare
194 1830 313 1900 propter
328 1822 447 1900 periculi
467 1823 697 1900 magnitudinem
718 1828 878 1899 coguntur:
903 1823 955 1878 irn-

115 1910 276 1980 peratorcm
287 1923 316 1959 -a
335 1903 417 1960 vobis
438 1910 548 1960 certum
570 1903 730 1978 deposcere,
746 1922 811 1960 oum
832 1920 955 1979 praeser-

116 1984 170 2039 tim
187 2002 238 2039 vos
254 1983 342 2039 alium
363 1983 505 2053 miseritis
521 2002 613 2058 neque
634 1983 740 2039 audent
760 2002 852 2059 neque
874 2001 903 2040 so
924 1980 956 2038 id

116 2062 210 2120 facere
229 2063 290 2119 eine
307 2082 420 2120 summo
437 2062 563 2138 periculo
580 2082 664 2138 posse
684 2063 863 2119 arbitrantur.
908 2067 953 2118 13.

117 2142 227 2201 Vident
241 2149 270 2199 et
285 2143 412 2200 sentiunt
426 2142 481 2199 hoc
498 2143 574 2198 idem
593 2141 671 2218 quod
684 2161 743 2212 vos,
756 2161 845 2198 unum
862 2142 955 2198 vimm

118 2240 186 2294 esse,
198 2223 229 2279 in
244 2241 301 2298 quo
316 2241 428 2278 summa
442 2223 499 2279 sint
514 2222 619 2291 omnia,
632 2229 661 2279 et
675 2242 740 2279 eum
755 2228 872 2298 propter
886 2239 955 2290 esse,

119 2321 176 2379 quo
193 2303 279 2360 etiam
296 2308 392 2359 carent
407 2301 534 2377 aegrius:
556 2302 636 2358 cuius
652 2302 776 2359 adventu
790 2302 853 2378 ipso
870 2301 956 2377 atqu'e

118 2382 243 2451 nominc,
258 2382 372 2439 tametsi
394 2380 440 2437 illc
461 2381 498 2437 ad
518 2382 695 2438 maritimum
715 2381 821 2438 bellum
838 2380 955 2450 venerit,

118 2468 215 2519 tamen
232 2462 356 2538 impetus
370 2461 497 2518 hostium
514 2480 656 2537 repressos
673 2480 731 2518 esso
745 2460 911 2535 intelligunt
924 2478 957 2516 ao

118 2542 283 2599 retardatos,
326 2541 367 2596 Hi
385 2559 443 2611 vos,
457 2541 592 2617 quoniam
609 2539 696 2597 libere
713 2540 791 2616 loqui
806 2559 864 2596 non
880 2539 956 2609 licet,

86 2617 89 2623 ⁴
119 2622 205 2678 tacito
222 2626 332 2696 rogant,
345 2626 378 2676 ut
397 2639 426 2677 sc
448 2639 569 2697 quoquc,
582 2620 655 2675 sicut
672 2626 827 2675 ceteramm
844 2621 958 2695 provin·

121 2699 227 2756 ciarum
252 2701 351 2771 socios,
371 2701 474 2776 dignos
498 2699 674 2768 existimetis
694 2717 815 2774 quorum
838 2699 957 2756 salutem

121 2777 172 2834 tali
185 2779 246 2835 viro
263 2780 478 2849 commendetis,
495 2786 580 2856 atquc
594 2778 649 2835 hoo
664 2779 750 2835 etiam
767 2779 867 2856 magis,
880 2777 958 2855 quod

122 2864 230 2914 cet-eros
243 2859 273 2914 in
287 2861 463 2936 provinciam
477 2860 538 2916 eins
551 2858 632 2916 modi
645 2858 777 2917 homines
791 2879 856 2916 cum
870 2860 959 2934 impe-

121 2938 164 2994 rio
181 2937 330 3011 mittimus,
343 2947 375 2997 ut
390 2941 476 2997 etiam
494 2940 517 2995 si
534 2939 570 2996 ab
587 2938 670 2995 hoste
684 2939 849 3007 defendant,
861 2946 958 2996 tamen

121 3018 249 3094 ipsorum
264 3019 401 3076 adventus
415 3021 445 3076 in
456 3019 540 3077 urbes
557 3019 699 3075 sociorum
713 3038 771 3075 non
785 3019 908 3075 multum
923 3017 959 3074 ab

121 3097 220 3156 hostili
235 3099 444 3175 expugnatione
459 3098 601 3167 differant,
611 3097 688 3154 huno
702 3097 858 3154 audiebant
867 3104 967 3159 autea„

120 3197 196 3237 nunc
204 3185 386 3258 praesentem
392 3177 497 3238 uident
504 3176 987 3254 tantatemuerantxunasnaxxxm
