1988 3480
73 114 120 159 282
155 110 192 159 ΙΝ
208 110 243 159 Μ.
257 109 448 160 AN'I‘ONIUII
462 108 596 158 ORATIO
609 107 833 158 PHILIPPICA
847 110 920 159 XIV.

73 210 171 268 liorruu
195 210 356 285 invigilasse
377 210 417 267 rci
438 208 586 286 publicae:
612 214 660 266 20.
675 228 774 266 meam
801 211 921 268 domum

73 311 206 367 rimasque
229 310 310 348 aures
333 289 394 347 dics
419 296 573 365 noctesque
597 289 733 346 omnium
759 293 922 368 praeceptis

73 370 246 447 rrioriitisque
260 370 384 446 patuisse
395 389 401 427 :
423 369 494 426 meis
508 368 618 438 litteris,
629 369 704 425 meis
715 370 843 441 nuntiis,
854 372 921 428 meis

72 449 319 507 eslmrratiouitsus
336 469 442 519 ornnes,
454 449 503 525 qni
516 447 623 524 ubique
637 455 744 518 essent,
758 450 798 507 ad
813 452 920 527 patriae

73 530 245 607 praesidium
258 530 411 586 excitatos:
434 529 505 585 meis
516 527 666 585 sententiis
676 527 854 587 aKalendis
862 530 919 588 Ian

73 610 158 667 uariis
172 628 328 686 numquam
340 609 449 681 leuatus
459 608 496 665 ad
506 608 685 665 Antonium:
708 627 832 686 semper
842 610 920 668 illum

72 689 194 759 hostem,
207 708 317 766 semper
339 688 392 745 hec
414 688 529 757 bellum,
541 694 574 744 ut
594 706 657 763 ego,
670 688 721 764 qui
745 690 832 746 omni
854 698 921 748 tem*

72 789 141 846 pore
159 789 239 827 verae
257 769 334 845 pacis
351 778 450 825 auctor
466 768 594 838 fuissem,
605 766 672 824 hnic
692 787 790 825 essem
808 771 921 827 nomini

72 849 224 925 pestiferae
245 849 324 925 pacis
344 848 477 905 inimicus
498 847 594 904 idcm:
620 853 666 904 21.
685 847 719 904 Ρ.
732 848 920 921 Ventidium,

72 949 137 985 carn
149 928 196 986 alii
207 936 376 1005 praetorem,
386 928 400 1001 l
412 927 559 985 tribunum
567 925 770 998 Volusienum,
781 948 840 1004 ego
852 949 921 987 sem·
961 976 964 981 .

72 1027 123 1084 per
134 1008 253 1064 hostem.
293 1007 354 1063 llas
369 1008 397 1063 in
413 1007 568 1065 sententias
581 1024 660 1063 meas
674 1006 698 1063 si
713 1008 853 1066 eonsules
867 1009 922 1066 dis-

71 1088 229 1143 cessionem
242 1086 336 1143 facere
349 1086 514 1157 voluissent,
526 1085 659 1144 omnibus
674 1086 740 1144 istis
758 1087 922 1146 latronibus

72 1166 240 1225 auctoritate
251 1166 313 1243 ipsa
326 1174 441 1223 senatus
451 1167 508 1223 iam
520 1166 630 1242 pridem
643 1164 680 1222 de
691 1166 830 1224 manibus
840 1187 921 1225 arma

72 1247 247 1304 cecidissent.
290 1245 372 1304 VIII.
392 1245 448 1303 Sed
466 1246 545 1322 quod
560 1252 623 1303 tum
639 1263 698 1302 non
716 1245 811 1317 licuit,
822 1253 921 1324 patres

72 1328 235 1404 emiseripti,
251 1327 281 1384 id
302 1325 357 1384 hoe
377 1334 507 1402 tempore
527 1344 586 1382 non
608 1324 700 1381 solum
723 1325 803 1396 lieet,
819 1346 919 1384 rerum

73 1408 158 1463 etiam
178 1426 290 1464 neccsse
307 1413 358 1476 est,
370 1425 427 1475 cos,
440 1405 489 1481 qui
507 1424 536 1462 re
555 1411 622 1461 sunt
635 1403 741 1474 hostes,
755 1405 854 1463 verbis
871 1426 922 1464 no

73 1487 135 1551 tari,
155 1486 303 1543 sententiis
326 1485 432 1542 nostris
456 1484 553 1541 hostes
580 1483 708 1541 iudicari.
752 1490 801 1541 22.
821 1485 921 1544 Antea

73 1585 137 1621 cuin
151 1565 261 1622 liostcm
277 1584 308 1622 ae
322 1564 429 1622 bellum
444 1564 644 1634 nominassem,
655 1563 742 1621 semel
757 1571 789 1621 et
804 1566 921 1642 saepius

73 1644 243 1701 sententiam
260 1663 355 1701 meam
371 1643 407 1701 de
428 1662 547 1700 numero
569 1642 776 1700 sententiarum
799 1646 920 1702 sustule

73 1731 156 1781 nmt:
179 1723 257 1800 quod
274 1725 303 1780 in
320 1723 373 1780 hac
394 1742 478 1780 causa
493 1722 554 1779 fieri
571 1722 628 1779 iam
644 1741 704 1778 nen
720 1729 830 1798 petest.
876 1725 919 1781 Ex

73 1803 176 1860 litteris
197 1803 273 1860 euim
294 1802 327 1860 Ο.
338 1802 447 1860 Pansae
468 1801 504 1860 A.
516 1802 605 1859 Hirtii
627 1800 788 1871 consulum,
804 1802 838 1862 O.
850 1803 920 1861 Cae

73 1884 143 1939 saris
164 1903 216 1959 pre
237 1889 375 1960 praetore,
387 1882 423 1939 de
443 1881 552 1938 honore
569 1881 614 1938 dis
635 1881 850 1939 immortalibus
872 1883 921 1940 ha·

73 1962 167 2027 baudo
179 1962 332 2019 sententias
343 1962 472 2019 dicimus.
506 1960 751 2038 Supplicationem
763 1963 856 2020 modo
870 1964 920 2040 qui

73 2042 206 2110 decrevit,
225 2041 302 2098 idern
327 2041 494 2117 imprudens
518 2040 615 2098 hostes
635 2040 780 2098 iudicavit.
828 2041 921 2101 Nunt-

74 2141 158 2198 qaam
179 2120 256 2177 cuim
278 2121 308 2177 in
332 2120 408 2176 civili
429 2120 504 2178 bello
526 2120 697 2198 supplicatio
718 2119 837 2179 decreta
857 2130 919 2180 est:

73 2203 186 2258 ‹lecrcta
210 2200 294 2257 dicet
317 2219 353 2256 ne
370 2199 487 2258 victoris
509 2201 625 2278 quidem
646 2199 749 2257 litteris
769 2202 922 2277 postulata

73 2289 123 2339 est.
167 2287 213 2339 23.
229 2280 319 2338 Civile
336 2279 443 2338 bellum
460 2280 559 2338 consul
574 2280 653 2338 Sulla
668 2279 773 2356 gessit:
796 2280 922 2358 legioni·

73 2362 127 2418 bus
148 2362 176 2421 in
200 2361 299 2420 urbem
325 2360 456 2418 adductis
478 2381 551 2439 quos
573 2360 664 2417 voluit
687 2359 818 2436 expulit:
845 2381 921 2439 quos

73 2442 169 2518 potuit
186 2442 308 2499 oceidit:
330 2440 547 2518 supplicationis
565 2439 673 2498 mentio
693 2439 778 2497 nulla.
823 2441 921 2499 Grave

76 2522 180 2578 sellum
197 2522 385 2580 Octavianum
404 2521 563 2578 insecutum
580 2527 639 2577 est:
661 2519 835 2596 supplicatio
851 2521 921 2578 Cin-

75 2621 126 2657 nse
140 2601 217 2658 nulla
231 2602 340 2658 victori.
382 2599 492 2658 Cinnae
505 2599 653 2657 victoriam
667 2598 825 2675 imperator
840 2600 922 2659 ultus

75 2690 116 2737 est
131 2681 224 2738 Sulla:
247 2681 325 2738 rnrlla
339 2680 509 2756 supplicatio
524 2679 637 2737 decreta
650 2698 666 2735 a
680 2685 788 2735 senatu.
823 2679 876 2738 Ad
889 2688 921 2740 te

75 2761 178 2835 ipsum,
191 2761 222 2818 P.
234 2760 343 2829 Servili,
356 2779 426 2816 num
445 2760 522 2816 misit
539 2758 612 2816 ullas
627 2758 736 2833 collega
752 2757 865 2817 litteras
882 2761 921 2818 de

74 2841 122 2896 illa
146 2840 391 2897 calamitosissima
415 2859 513 2915 pugna
537 2838 703 2895 Pharsalia?
729 2856 798 2893 num
824 2846 856 2896 te
882 2841 920 2898 de

75 2919 281 2996 supplicatione
300 2920 390 2976 voluit
407 2919 529 2976 referret
570 2918 706 2974 Profecto
728 2916 829 2974 noluit.
878 2921 922 2978 At

74 3001 154 3056 misit
173 3007 273 3075 postea
293 3000 329 3055 de
346 2997 533 3067 Alexandrea,
546 2998 582 3054 de
599 2997 752 3054 Pharnace.
795 2996 921 3058 Pharsa-

75 3079 128 3137 liae
146 3099 211 3136 vero
228 3098 341 3156 pugnae
362 3097 398 3135 ne
415 3077 592 3154 triumphum
613 3076 728 3153 quidem
745 3075 813 3151 egit.
858 3079 922 3138 Eos

75 3160 150 3215 einim
173 3159 247 3216 cives
263 3177 360 3235 pugna
381 3157 429 3214 illa
450 3158 610 3231 sustulerat,
622 3156 724 3226 ortibus
745 3174 802 3211 nun
825 3161 920 3218 modo
