<?xml version="1.0" encoding="UTF-8"?>
<!DOCTYPE html PUBLIC "-//W3C//DTD XHTML 1.0 Transitional//EN"
    "http://www.w3.org/TR/xhtml1/DTD/xhtml1-transitional.dtd">
<html xmlns="http://www.w3.org/1999/xhtml" xml:lang="en" lang="en">
 <head>
  <title>
</title>
<meta http-equiv="Content-Type" content="text/html;charset=utf-8" />
  <meta name='ocr-system' content='tesseract 3.04.00' />
  <meta name='ocr-capabilities' content='ocr_page ocr_carea ocr_par ocr_line ocrx_word'/>
</head>
<body>
  <div class='ocr_page' id='page_1' title='image "./mtulliiciceroni32cicegoog_0058.png"; bbox 0 0 1988 3480; ppageno 0'>
   <div class='ocr_carea' id='block_1_1' title="bbox 48 121 904 303">
    <p class='ocr_par' dir='ltr' id='par_1_1' title="bbox 48 121 904 303">
     <span class='ocr_line' id='line_1_1' title="bbox 230 121 904 184; baseline 0.007 -14"><span class='ocrx_word' id='word_1_1' title='bbox 230 163 233 170; x_wconf 39' lang='lat'>2</span> <span class='ocrx_word' id='word_1_2' title='bbox 329 121 632 184; x_wconf 65' lang='lat' dir='ltr'>CAP.1.-1v.‚§2-&#39;7.</span> <span class='ocrx_word' id='word_1_3' title='bbox 871 127 904 175; x_wconf 77' lang='lat'>43</span> 
     </span>
     <span class='ocr_line' id='line_1_2' title="bbox 48 213 903 303; baseline 0 -19"><span class='ocrx_word' id='word_1_4' title='bbox 48 213 171 284; x_wconf 73' lang='lat' dir='ltr'>¹lentesl</span> <span class='ocrx_word' id='word_1_5' title='bbox 197 244 282 302; x_wconf 90' lang='lat' dir='ltr'>quam</span> <span class='ocrx_word' id='word_1_6' title='bbox 302 224 429 283; x_wconf 77' lang='lat' dir='ltr'>nobilest</span> <span class='ocrx_word' id='word_1_7' title='bbox 476 224 530 282; x_wconf 92' lang='grc' dir='ltr'>ΙΠ.</span> <span class='ocrx_word' id='word_1_8' title='bbox 575 231 600 283; x_wconf 87' lang='lat'>5.</span> <span class='ocrx_word' id='word_1_9' title='bbox 623 223 725 302; x_wconf 89' lang='lat' dir='ltr'>Itaque</span> <span class='ocrx_word' id='word_1_10' title='bbox 747 244 802 303; x_wconf 86' lang='lat' dir='ltr'>ego</span> <span class='ocrx_word' id='word_1_11' title='bbox 822 225 903 284; x_wconf 90' lang='lat' dir='ltr'>illum</span> 
     </span>
    </p>
   </div>
   <div class='ocr_carea' id='block_1_2' title="bbox 58 304 973 3179">
    <p class='ocr_par' dir='ltr' id='par_1_2' title="bbox 58 304 973 2220">
     <span class='ocr_line' id='line_1_3' title="bbox 64 304 902 382; baseline 0.001 -19"><span class='ocrx_word' id='word_1_12' title='bbox 64 307 220 364; x_wconf 88' lang='lat' dir='ltr'>exercitum</span> <span class='ocrx_word' id='word_1_13' title='bbox 245 311 274 362; x_wconf 92' lang='lat' dir='ltr'>et</span> <span class='ocrx_word' id='word_1_14' title='bbox 295 304 449 362; x_wconf 76' lang='lat' dir='ltr'>Gallicanis</span> <span class='ocrx_word' id='word_1_15' title='bbox 472 304 634 382; x_wconf 81' lang='lat' dir='ltr'>legionibus</span> <span class='ocrx_word' id='word_1_16' title='bbox 658 313 688 362; x_wconf 91' lang='lat' dir='ltr'>et</span> <span class='ocrx_word' id='word_1_17' title='bbox 709 305 764 362; x_wconf 93' lang='lat' dir='ltr'>hoc</span> <span class='ocrx_word' id='word_1_18' title='bbox 787 305 902 380; x_wconf 83' lang='lat' dir='ltr'>dilectu,</span> 
     </span>
     <span class='ocr_line' id='line_1_4' title="bbox 64 384 902 464; baseline 0 -21"><span class='ocrx_word' id='word_1_19' title='bbox 64 406 150 464; x_wconf 88' lang='lat' dir='ltr'>quern</span> <span class='ocrx_word' id='word_1_20' title='bbox 167 387 197 443; x_wconf 92' lang='lat' dir='ltr'>in</span> <span class='ocrx_word' id='word_1_21' title='bbox 214 389 282 462; x_wconf 82' lang='lat' dir='ltr'>agro</span> <span class='ocrx_word' id='word_1_22' title='bbox 299 384 407 442; x_wconf 87' lang='lat' dir='ltr'>Piceno</span> <span class='ocrx_word' id='word_1_23' title='bbox 427 391 456 442; x_wconf 90' lang='grc'>11</span> <span class='ocrx_word' id='word_1_24' title='bbox 472 385 581 442; x_wconf 86' lang='lat' dir='ltr'>Gallico</span> <span class='ocrx_word' id='word_1_25' title='bbox 599 384 777 453; x_wconf 67' lang='lat' dir='ltr'>QMetellus</span> <span class='ocrx_word' id='word_1_26' title='bbox 792 386 902 460; x_wconf 84' lang='lat' dir='ltr'>habuit,</span> 
     </span>
     <span class='ocr_line' id='line_1_5' title="bbox 63 465 903 544; baseline 0.001 -20"><span class='ocrx_word' id='word_1_27' title='bbox 63 467 146 525; x_wconf 90' lang='lat' dir='ltr'>ethis</span> <span class='ocrx_word' id='word_1_28' title='bbox 157 466 256 543; x_wconf 91' lang='lat' dir='ltr'>copiis,</span> <span class='ocrx_word' id='word_1_29' title='bbox 265 483 336 542; x_wconf 91' lang='lat' dir='ltr'>quae</span> <span class='ocrx_word' id='word_1_30' title='bbox 345 465 454 522; x_wconf 90' lang='lat' dir='ltr'>anobis</span> <span class='ocrx_word' id='word_1_31' title='bbox 464 466 570 524; x_wconf 90' lang='lat' dir='ltr'>cotidie</span> <span class='ocrx_word' id='word_1_32' title='bbox 580 473 789 542; x_wconf 81' lang='lat' dir='ltr'>comparantur,</span> <span class='ocrx_word' id='word_1_33' title='bbox 797 485 903 544; x_wconf 85' lang='lat' dir='ltr'>magno</span> 
     </span>
     <span class='ocr_line' id='line_1_6' title="bbox 63 544 903 624; baseline 0 -20"><span class='ocrx_word' id='word_1_34' title='bbox 63 566 149 624; x_wconf 91' lang='lat' dir='ltr'>opere</span> <span class='ocrx_word' id='word_1_35' title='bbox 166 553 328 618; x_wconf 87' lang='lat' dir='ltr'>contemno,</span> <span class='ocrx_word' id='word_1_36' title='bbox 341 545 492 603; x_wconf 90' lang='lat' dir='ltr'>collectum</span> <span class='ocrx_word' id='word_1_37' title='bbox 509 565 544 602; x_wconf 89' lang='lat' dir='ltr'>ex</span> <span class='ocrx_word' id='word_1_38' title='bbox 561 544 675 602; x_wconf 82' lang='lat' dir='ltr'>senibus</span> <span class='ocrx_word' id='word_1_39' title='bbox 692 546 856 623; x_wconf 68' lang='lat' dir='ltr'>desperatis</span> <span class='ocrx_word' id='word_1_40' title='bbox 868 567 903 604; x_wconf 88' lang='lat' dir='ltr'>ex</span> 
     </span>
     <span class='ocr_line' id='line_1_7' title="bbox 63 625 903 704; baseline 0 -20"><span class='ocrx_word' id='word_1_41' title='bbox 63 627 168 703; x_wconf 80' lang='lat' dir='ltr'>agresti</span> <span class='ocrx_word' id='word_1_42' title='bbox 188 627 306 698; x_wconf 86' lang='lat' dir='ltr'>luxuria,</span> <span class='ocrx_word' id='word_1_43' title='bbox 325 645 360 683; x_wconf 85' lang='lat' dir='ltr'>ex</span> <span class='ocrx_word' id='word_1_44' title='bbox 380 625 493 683; x_wconf 79' lang='lat' dir='ltr'>rusticis</span> <span class='ocrx_word' id='word_1_45' title='bbox 514 625 720 696; x_wconf 83' lang='lat' dir='ltr'>decoctoribus,</span> <span class='ocrx_word' id='word_1_46' title='bbox 739 645 773 682; x_wconf 90' lang='lat' dir='ltr'>ex</span> <span class='ocrx_word' id='word_1_47' title='bbox 794 626 837 697; x_wconf 87' lang='lat' dir='ltr'>iis,</span> <span class='ocrx_word' id='word_1_48' title='bbox 853 628 903 704; x_wconf 93' lang='lat' dir='ltr'>qui</span> 
     </span>
     <span class='ocr_line' id='line_1_8' title="bbox 62 705 902 784; baseline 0.001 -20"><span class='ocrx_word' id='word_1_49' title='bbox 62 707 227 764; x_wconf 87' lang='lat' dir='ltr'>vadimonia</span> <span class='ocrx_word' id='word_1_50' title='bbox 236 707 363 764; x_wconf 88' lang='lat' dir='ltr'>deserere</span> <span class='ocrx_word' id='word_1_51' title='bbox 373 725 459 784; x_wconf 90' lang='lat' dir='ltr'>quam</span> <span class='ocrx_word' id='word_1_52' title='bbox 467 705 549 762; x_wconf 90' lang='lat' dir='ltr'>illum</span> <span class='ocrx_word' id='word_1_53' title='bbox 560 706 716 763; x_wconf 89' lang='lat' dir='ltr'>exercitum</span> <span class='ocrx_word' id='word_1_54' title='bbox 725 705 902 765; x_wconf 87' lang='lat' dir='ltr'>maluerunt:</span> 
     </span>
     <span class='ocr_line' id='line_1_9' title="bbox 63 786 902 864; baseline -0.001 -21"><span class='ocrx_word' id='word_1_55' title='bbox 63 786 166 863; x_wconf 92' lang='lat' dir='ltr'>quibus</span> <span class='ocrx_word' id='word_1_56' title='bbox 177 806 231 864; x_wconf 91' lang='lat' dir='ltr'>ego</span> <span class='ocrx_word' id='word_1_57' title='bbox 241 805 301 844; x_wconf 91' lang='lat' dir='ltr'>non</span> <span class='ocrx_word' id='word_1_58' title='bbox 310 786 399 843; x_wconf 91' lang='lat' dir='ltr'>modo</span> <span class='ocrx_word' id='word_1_59' title='bbox 410 786 435 843; x_wconf 89' lang='lat' dir='ltr'>si</span> <span class='ocrx_word' id='word_1_60' title='bbox 445 786 535 843; x_wconf 85' lang='lat' dir='ltr'>aciem</span> <span class='ocrx_word' id='word_1_61' title='bbox 546 786 685 842; x_wconf 90' lang='lat' dir='ltr'>exercitus</span> <span class='ocrx_word' id='word_1_62' title='bbox 695 786 793 857; x_wconf 91' lang='lat' dir='ltr'>nostri,</span> <span class='ocrx_word' id='word_1_63' title='bbox 804 805 902 843; x_wconf 90' lang='lat' dir='ltr'>verum</span> 
     </span>
     <span class='ocr_line' id='line_1_10' title="bbox 62 865 912 944; baseline 0 -21"><span class='ocrx_word' id='word_1_64' title='bbox 62 867 149 924; x_wconf 89' lang='lat' dir='ltr'>etiam</span> <span class='ocrx_word' id='word_1_65' title='bbox 160 867 319 924; x_wconf 86' lang='lat' dir='ltr'>sicdictum</span> <span class='ocrx_word' id='word_1_66' title='bbox 328 866 466 944; x_wconf 89' lang='lat' dir='ltr'>praetoris</span> <span class='ocrx_word' id='word_1_67' title='bbox 477 865 628 923; x_wconf 87' lang='lat' dir='ltr'>ostendero</span> <span class='ocrx_word' id='word_1_68' title='bbox 640 865 799 923; x_wconf 84' lang='lat' dir='ltr'>concident.</span> <span class='ocrx_word' id='word_1_69' title='bbox 828 865 912 938; x_wconf 76' lang='lat' dir='ltr'>Hos,</span> 
     </span>
     <span class='ocr_line' id='line_1_11' title="bbox 62 946 901 1023; baseline -0.001 -20"><span class='ocrx_word' id='word_1_70' title='bbox 62 965 134 1023; x_wconf 93' lang='lat' dir='ltr'>quos</span> <span class='ocrx_word' id='word_1_71' title='bbox 155 948 238 1020; x_wconf 84' lang='lat' dir='ltr'>video</span> <span class='ocrx_word' id='word_1_72' title='bbox 259 947 377 1004; x_wconf 90' lang='lat' dir='ltr'>volitare</span> <span class='ocrx_word' id='word_1_73' title='bbox 397 947 428 1003; x_wconf 88' lang='lat' dir='ltr'>in</span> <span class='ocrx_word' id='word_1_74' title='bbox 448 947 521 1018; x_wconf 88' lang='lat' dir='ltr'>foro,</span> <span class='ocrx_word' id='word_1_75' title='bbox 541 965 612 1023; x_wconf 87' lang='lat' dir='ltr'>quos</span> <span class='ocrx_word' id='word_1_76' title='bbox 633 952 707 1003; x_wconf 90' lang='lat' dir='ltr'>stare</span> <span class='ocrx_word' id='word_1_77' title='bbox 727 946 763 1003; x_wconf 89' lang='lat' dir='ltr'>ad</span> <span class='ocrx_word' id='word_1_78' title='bbox 785 946 901 1019; x_wconf 87' lang='lat' dir='ltr'>curiam,</span> 
     </span>
     <span class='ocr_line' id='line_1_12' title="bbox 62 1026 900 1103; baseline -0.001 -20"><span class='ocrx_word' id='word_1_79' title='bbox 62 1046 134 1103; x_wconf 89' lang='lat' dir='ltr'>quos</span> <span class='ocrx_word' id='word_1_80' title='bbox 151 1027 238 1084; x_wconf 89' lang='lat' dir='ltr'>etiam</span> <span class='ocrx_word' id='word_1_81' title='bbox 254 1027 284 1084; x_wconf 93' lang='lat' dir='ltr'>in</span> <span class='ocrx_word' id='word_1_82' title='bbox 301 1034 432 1084; x_wconf 88' lang='lat' dir='ltr'>senatum</span> <span class='ocrx_word' id='word_1_83' title='bbox 445 1027 549 1097; x_wconf 90' lang='lat' dir='ltr'>venire,</span> <span class='ocrx_word' id='word_1_84' title='bbox 562 1027 612 1103; x_wconf 91' lang='lat' dir='ltr'>qui</span> <span class='ocrx_word' id='word_1_85' title='bbox 628 1027 722 1083; x_wconf 88' lang='lat' dir='ltr'>nitent</span> <span class='ocrx_word' id='word_1_86' title='bbox 738 1026 900 1102; x_wconf 87' lang='lat' dir='ltr'>unguentis,</span> 
     </span>
     <span class='ocr_line' id='line_1_13' title="bbox 62 1106 902 1183; baseline 0 -21"><span class='ocrx_word' id='word_1_87' title='bbox 62 1107 111 1182; x_wconf 91' lang='lat' dir='ltr'>qui</span> <span class='ocrx_word' id='word_1_88' title='bbox 138 1106 252 1183; x_wconf 79' lang='lat' dir='ltr'>fulgent</span> <span class='ocrx_word' id='word_1_89' title='bbox 278 1109 412 1183; x_wconf 85' lang='lat' dir='ltr'>purpura,</span> <span class='ocrx_word' id='word_1_90' title='bbox 434 1107 548 1164; x_wconf 90' lang='lat' dir='ltr'>mallem</span> <span class='ocrx_word' id='word_1_91' title='bbox 579 1125 675 1163; x_wconf 88' lang='lat' dir='ltr'>secum</span> <span class='ocrx_word' id='word_1_92' title='bbox 703 1125 769 1163; x_wconf 88' lang='lat' dir='ltr'>suos</span> <span class='ocrx_word' id='word_1_93' title='bbox 796 1106 902 1163; x_wconf 85' lang='lat' dir='ltr'>milites</span> 
     </span>
     <span class='ocr_line' id='line_1_14' title="bbox 61 1186 902 1265; baseline 0 -23"><span class='ocrx_word' id='word_1_94' title='bbox 61 1186 221 1244; x_wconf 85' lang='lat' dir='ltr'>eduxisset:</span> <span class='ocrx_word' id='word_1_95' title='bbox 250 1187 299 1265; x_wconf 93' lang='lat' dir='ltr'>qui</span> <span class='ocrx_word' id='word_1_96' title='bbox 323 1187 348 1243; x_wconf 89' lang='lat' dir='ltr'>si</span> <span class='ocrx_word' id='word_1_97' title='bbox 372 1187 419 1245; x_wconf 91' lang='lat' dir='ltr'>hic</span> <span class='ocrx_word' id='word_1_98' title='bbox 442 1193 618 1264; x_wconf 89' lang='lat' dir='ltr'>permanent,</span> <span class='ocrx_word' id='word_1_99' title='bbox 639 1192 814 1243; x_wconf 86' lang='lat' dir='ltr'>mementote</span> <span class='ocrx_word' id='word_1_100' title='bbox 842 1205 902 1243; x_wconf 95' lang='lat' dir='ltr'>non</span> 
     </span>
     <span class='ocr_line' id='line_1_15' title="bbox 60 1265 902 1343; baseline -0.001 -21"><span class='ocrx_word' id='word_1_101' title='bbox 60 1271 120 1322; x_wconf 91' lang='lat' dir='ltr'>tam</span> <span class='ocrx_word' id='word_1_102' title='bbox 138 1267 293 1324; x_wconf 88' lang='lat' dir='ltr'>exercitum</span> <span class='ocrx_word' id='word_1_103' title='bbox 309 1265 390 1323; x_wconf 91' lang='lat' dir='ltr'>illum</span> <span class='ocrx_word' id='word_1_104' title='bbox 407 1286 467 1324; x_wconf 87' lang='lat' dir='ltr'>esse</span> <span class='ocrx_word' id='word_1_105' title='bbox 483 1266 567 1324; x_wconf 91' lang='lat' dir='ltr'>nobis</span> <span class='ocrx_word' id='word_1_106' title='bbox 584 1285 669 1343; x_wconf 90' lang='lat' dir='ltr'>quam</span> <span class='ocrx_word' id='word_1_107' title='bbox 687 1265 747 1336; x_wconf 92' lang='lat' dir='ltr'>hos,</span> <span class='ocrx_word' id='word_1_108' title='bbox 761 1265 810 1342; x_wconf 90' lang='lat' dir='ltr'>qui</span> <span class='ocrx_word' id='word_1_109' title='bbox 827 1285 902 1322; x_wconf 90' lang='lat' dir='ltr'>excr-</span> 
     </span>
     <span class='ocr_line' id='line_1_16' title="bbox 61 1345 902 1422; baseline 0 -20"><span class='ocrx_word' id='word_1_110' title='bbox 61 1345 151 1403; x_wconf 90' lang='lat' dir='ltr'>citum</span> <span class='ocrx_word' id='word_1_111' title='bbox 168 1346 360 1417; x_wconf 88' lang='lat' dir='ltr'>deseruerunt,</span> <span class='ocrx_word' id='word_1_112' title='bbox 372 1347 622 1422; x_wconf 88' lang='lat' dir='ltr'>pertimescendos.</span> <span class='ocrx_word' id='word_1_113' title='bbox 664 1345 763 1422; x_wconf 85' lang='lat' dir='ltr'>Atque</span> <span class='ocrx_word' id='word_1_114' title='bbox 780 1345 834 1401; x_wconf 93' lang='lat' dir='ltr'>hoc</span> <span class='ocrx_word' id='word_1_115' title='bbox 852 1346 902 1402; x_wconf 91' lang='lat' dir='ltr'>cti-</span> 
     </span>
     <span class='ocr_line' id='line_1_17' title="bbox 60 1425 901 1502; baseline 0.002 -21"><span class='ocrx_word' id='word_1_116' title='bbox 60 1444 107 1481; x_wconf 91' lang='lat' dir='ltr'>am</span> <span class='ocrx_word' id='word_1_117' title='bbox 122 1431 189 1482; x_wconf 87' lang='lat' dir='ltr'>sunt</span> <span class='ocrx_word' id='word_1_118' title='bbox 202 1425 324 1482; x_wconf 91' lang='lat' dir='ltr'>timendi</span> <span class='ocrx_word' id='word_1_119' title='bbox 337 1427 437 1502; x_wconf 89' lang='lat' dir='ltr'>magis,</span> <span class='ocrx_word' id='word_1_120' title='bbox 450 1426 529 1502; x_wconf 92' lang='lat' dir='ltr'>quod</span> <span class='ocrx_word' id='word_1_121' title='bbox 544 1426 614 1502; x_wconf 93' lang='lat' dir='ltr'>quid</span> <span class='ocrx_word' id='word_1_122' title='bbox 628 1425 756 1502; x_wconf 83' lang='lat' dir='ltr'>cogitent</span> <span class='ocrx_word' id='word_1_123' title='bbox 769 1444 816 1482; x_wconf 88' lang='lat' dir='ltr'>me</span> <span class='ocrx_word' id='word_1_124' title='bbox 831 1425 901 1483; x_wconf 89' lang='lat' dir='ltr'>scire</span> 
     </span>
     <span class='ocr_line' id='line_1_18' title="bbox 61 1504 901 1581; baseline 0.001 -20"><span class='ocrx_word' id='word_1_125' title='bbox 61 1505 196 1574; x_wconf 83' lang='lat' dir='ltr'>sentiunt,</span> <span class='ocrx_word' id='word_1_126' title='bbox 211 1524 304 1581; x_wconf 91' lang='lat' dir='ltr'>neque</span> <span class='ocrx_word' id='word_1_127' title='bbox 322 1511 419 1561; x_wconf 91' lang='lat' dir='ltr'>tamen</span> <span class='ocrx_word' id='word_1_128' title='bbox 436 1511 646 1581; x_wconf 88' lang='lat' dir='ltr'>permoventur.</span> <span class='ocrx_word' id='word_1_129' title='bbox 691 1511 716 1562; x_wconf 84' lang='lat'>6.</span> <span class='ocrx_word' id='word_1_130' title='bbox 739 1504 835 1563; x_wconf 86' lang='lat' dir='ltr'>Video</span> <span class='ocrx_word' id='word_1_131' title='bbox 854 1505 901 1562; x_wconf 89' lang='lat' dir='ltr'>cui</span> 
     </span>
     <span class='ocr_line' id='line_1_19' title="bbox 61 1582 973 1660; baseline 0.001 -20"><span class='ocrx_word' id='word_1_132' title='bbox 61 1584 99 1640; x_wconf 84' lang='lat' dir='ltr'>sit</span> <span class='ocrx_word' id='word_1_133' title='bbox 107 1583 215 1660; x_wconf 86' lang='lat' dir='ltr'>Apulia</span> <span class='ocrx_word' id='word_1_134' title='bbox 224 1583 369 1653; x_wconf 88' lang='lat' dir='ltr'>attributa,</span> <span class='ocrx_word' id='word_1_135' title='bbox 379 1585 442 1660; x_wconf 93' lang='lat' dir='ltr'>quis</span> <span class='ocrx_word' id='word_1_136' title='bbox 452 1582 556 1641; x_wconf 89' lang='lat' dir='ltr'>habeat</span> <span class='ocrx_word' id='word_1_137' title='bbox 565 1585 716 1653; x_wconf 86' lang='lat' dir='ltr'>Etruriam,</span> <span class='ocrx_word' id='word_1_138' title='bbox 726 1585 789 1660; x_wconf 93' lang='lat' dir='ltr'>quis</span> <span class='ocrx_word' id='word_1_139' title='bbox 800 1603 900 1660; x_wconf 85' lang='lat' dir='ltr'>agrum</span> <span class='ocrx_word' id='word_1_140' title='bbox 969 1651 973 1657; x_wconf 25' lang='lat'>¹</span> 
     </span>
     <span class='ocr_line' id='line_1_20' title="bbox 60 1662 901 1740; baseline -0.001 -20"><span class='ocrx_word' id='word_1_141' title='bbox 60 1662 209 1734; x_wconf 90' lang='lat' dir='ltr'>Picenum,</span> <span class='ocrx_word' id='word_1_142' title='bbox 221 1663 284 1740; x_wconf 92' lang='lat' dir='ltr'>quis</span> <span class='ocrx_word' id='word_1_143' title='bbox 298 1662 447 1733; x_wconf 87' lang='lat' dir='ltr'>Gallicum,</span> <span class='ocrx_word' id='word_1_144' title='bbox 459 1663 522 1740; x_wconf 92' lang='lat' dir='ltr'>quis</span> <span class='ocrx_word' id='word_1_145' title='bbox 536 1662 591 1719; x_wconf 89' lang='lat' dir='ltr'>sibi</span> <span class='ocrx_word' id='word_1_146' title='bbox 604 1663 655 1720; x_wconf 89' lang='lat' dir='ltr'>has</span> <span class='ocrx_word' id='word_1_147' title='bbox 670 1663 790 1719; x_wconf 88' lang='lat' dir='ltr'>urbanas</span> <span class='ocrx_word' id='word_1_148' title='bbox 804 1663 901 1720; x_wconf 90' lang='lat' dir='ltr'>insidi·</span> 
     </span>
     <span class='ocr_line' id='line_1_21' title="bbox 60 1743 901 1820; baseline 0 -20"><span class='ocrx_word' id='word_1_149' title='bbox 60 1762 92 1800; x_wconf 88' lang='lat' dir='ltr'>as</span> <span class='ocrx_word' id='word_1_150' title='bbox 113 1743 208 1800; x_wconf 90' lang='lat' dir='ltr'>caedis</span> <span class='ocrx_word' id='word_1_151' title='bbox 231 1749 317 1820; x_wconf 90' lang='lat' dir='ltr'>atque</span> <span class='ocrx_word' id='word_1_152' title='bbox 341 1743 541 1800; x_wconf 89' lang='lat' dir='ltr'>incendiorum</span> <span class='ocrx_word' id='word_1_153' title='bbox 562 1743 778 1820; x_wconf 88' lang='lat' dir='ltr'>depoposcerit:</span> <span class='ocrx_word' id='word_1_154' title='bbox 804 1744 901 1802; x_wconf 88' lang='lat' dir='ltr'>omnia</span> 
     </span>
     <span class='ocr_line' id='line_1_22' title="bbox 60 1822 898 1900; baseline 0.002 -20"><span class='ocrx_word' id='word_1_155' title='bbox 60 1822 213 1900; x_wconf 89' lang='lat' dir='ltr'>superioris</span> <span class='ocrx_word' id='word_1_156' title='bbox 226 1823 320 1880; x_wconf 91' lang='lat' dir='ltr'>noctis</span> <span class='ocrx_word' id='word_1_157' title='bbox 334 1822 452 1880; x_wconf 85' lang='lat' dir='ltr'>consilia</span> <span class='ocrx_word' id='word_1_158' title='bbox 466 1823 503 1880; x_wconf 87' lang='lat' dir='ltr'>ad</span> <span class='ocrx_word' id='word_1_159' title='bbox 512 1842 559 1880; x_wconf 89' lang='lat' dir='ltr'>me</span> <span class='ocrx_word' id='word_1_160' title='bbox 574 1823 667 1880; x_wconf 89' lang='lat' dir='ltr'>delata</span> <span class='ocrx_word' id='word_1_161' title='bbox 681 1842 740 1880; x_wconf 86' lang='lat' dir='ltr'>esse</span> <span class='ocrx_word' id='word_1_162' title='bbox 755 1824 898 1883; x_wconf 90' lang='lat' dir='ltr'>sentiunt:</span> 
     </span>
     <span class='ocr_line' id='line_1_23' title="bbox 59 1902 900 1981; baseline 0.002 -21"><span class='ocrx_word' id='word_1_163' title='bbox 59 1903 184 1979; x_wconf 83' lang='lat' dir='ltr'>patefeci</span> <span class='ocrx_word' id='word_1_164' title='bbox 197 1903 228 1959; x_wconf 89' lang='lat' dir='ltr'>in</span> <span class='ocrx_word' id='word_1_165' title='bbox 245 1909 345 1960; x_wconf 89' lang='lat' dir='ltr'>senatu</span> <span class='ocrx_word' id='word_1_166' title='bbox 361 1902 494 1960; x_wconf 89' lang='lat' dir='ltr'>hesterno</span> <span class='ocrx_word' id='word_1_167' title='bbox 511 1903 574 1960; x_wconf 92' lang='lat' dir='ltr'>die:</span> <span class='ocrx_word' id='word_1_168' title='bbox 597 1903 721 1961; x_wconf 82' lang='lat' dir='ltr'>Catilina</span> <span class='ocrx_word' id='word_1_169' title='bbox 736 1904 798 1981; x_wconf 87' lang='lat' dir='ltr'>ipse</span> <span class='ocrx_word' id='word_1_170' title='bbox 814 1902 900 1980; x_wconf 86' lang='lat' dir='ltr'>perti·</span> 
     </span>
     <span class='ocr_line' id='line_1_24' title="bbox 59 1983 900 2061; baseline 0.002 -22"><span class='ocrx_word' id='word_1_171' title='bbox 59 1984 141 2054; x_wconf 93' lang='lat' dir='ltr'>muit,</span> <span class='ocrx_word' id='word_1_172' title='bbox 157 1983 305 2060; x_wconf 80' lang='lat' dir='ltr'>profugit:</span> <span class='ocrx_word' id='word_1_173' title='bbox 328 1983 359 2040; x_wconf 92' lang='lat' dir='ltr'>hi</span> <span class='ocrx_word' id='word_1_174' title='bbox 380 1983 451 2061; x_wconf 91' lang='lat' dir='ltr'>quid</span> <span class='ocrx_word' id='word_1_175' title='bbox 472 1985 655 2061; x_wconf 72' lang='lat' dir='ltr'>exspectanti</span> <span class='ocrx_word' id='word_1_176' title='bbox 696 1983 740 2041; x_wconf 89' lang='lat' dir='ltr'>Ne</span> <span class='ocrx_word' id='word_1_177' title='bbox 759 1983 801 2040; x_wconf 94' lang='lat' dir='ltr'>illi</span> <span class='ocrx_word' id='word_1_178' title='bbox 817 1984 900 2042; x_wconf 89' lang='lat' dir='ltr'>vehe-</span> 
     </span>
     <span class='ocr_line' id='line_1_25' title="bbox 59 2063 898 2141; baseline 0.004 -22"><span class='ocrx_word' id='word_1_179' title='bbox 59 2070 170 2120; x_wconf 85' lang='lat' dir='ltr'>menter</span> <span class='ocrx_word' id='word_1_180' title='bbox 192 2070 293 2135; x_wconf 85' lang='lat' dir='ltr'>errant,</span> <span class='ocrx_word' id='word_1_181' title='bbox 314 2063 338 2120; x_wconf 88' lang='lat' dir='ltr'>si</span> <span class='ocrx_word' id='word_1_182' title='bbox 360 2063 439 2120; x_wconf 91' lang='lat' dir='ltr'>illam</span> <span class='ocrx_word' id='word_1_183' title='bbox 462 2082 557 2121; x_wconf 88' lang='lat' dir='ltr'>meam</span> <span class='ocrx_word' id='word_1_184' title='bbox 579 2064 729 2141; x_wconf 90' lang='lat' dir='ltr'>pristinam</span> <span class='ocrx_word' id='word_1_185' title='bbox 751 2064 898 2122; x_wconf 89' lang='lat' dir='ltr'>leuitatem</span> 
     </span>
     <span class='ocr_line' id='line_1_26' title="bbox 58 2144 690 2220; baseline -0.002 -20"><span class='ocrx_word' id='word_1_186' title='bbox 58 2149 226 2220; x_wconf 89' lang='lat' dir='ltr'>perpetuam</span> <span class='ocrx_word' id='word_1_187' title='bbox 241 2149 356 2220; x_wconf 86' lang='lat' dir='ltr'>sperant</span> <span class='ocrx_word' id='word_1_188' title='bbox 369 2144 505 2200; x_wconf 84' lang='lat' dir='ltr'>futuram.</span> <span class='ocrx_word' id='word_1_189' title='bbox 688 2151 690 2156; x_wconf 86' lang='lat'>&#39;</span> 
     </span>
    </p>

    <p class='ocr_par' dir='ltr' id='par_1_3' title="bbox 59 2222 942 3179">
     <span class='ocr_line' id='line_1_27' title="bbox 99 2222 942 2300; baseline 0.002 -21"><span class='ocrx_word' id='word_1_190' title='bbox 99 2223 151 2282; x_wconf 85' lang='lat' dir='ltr'>IV.</span> <span class='ocrx_word' id='word_1_191' title='bbox 174 2222 260 2291; x_wconf 81' lang='lat' dir='ltr'>Quod</span> <span class='ocrx_word' id='word_1_192' title='bbox 280 2223 450 2300; x_wconf 89' lang='lat' dir='ltr'>exspectavi,</span> <span class='ocrx_word' id='word_1_193' title='bbox 465 2224 523 2279; x_wconf 91' lang='lat' dir='ltr'>iarn</span> <span class='ocrx_word' id='word_1_194' title='bbox 542 2242 606 2279; x_wconf 89' lang='lat' dir='ltr'>surn</span> <span class='ocrx_word' id='word_1_195' title='bbox 625 2223 783 2295; x_wconf 87' lang='lat' dir='ltr'>adsecutus,</span> <span class='ocrx_word' id='word_1_196' title='bbox 798 2230 832 2281; x_wconf 90' lang='lat' dir='ltr'>ut</span> <span class='ocrx_word' id='word_1_197' title='bbox 848 2244 899 2282; x_wconf 89' lang='lat' dir='ltr'>vos</span> <span class='ocrx_word' id='word_1_198' title='bbox 941 2256 942 2259; x_wconf 33' lang='lat'>¹</span> 
     </span>
     <span class='ocr_line' id='line_1_28' title="bbox 60 2303 898 2380; baseline 0.001 -21"><span class='ocrx_word' id='word_1_199' title='bbox 60 2321 159 2359; x_wconf 91' lang='lat' dir='ltr'>omncs</span> <span class='ocrx_word' id='word_1_200' title='bbox 172 2303 280 2360; x_wconf 89' lang='lat' dir='ltr'>factam</span> <span class='ocrx_word' id='word_1_201' title='bbox 294 2322 354 2360; x_wconf 87' lang='lat' dir='ltr'>csse</span> <span class='ocrx_word' id='word_1_202' title='bbox 368 2310 465 2380; x_wconf 86' lang='lat' dir='ltr'>aperte</span> <span class='ocrx_word' id='word_1_203' title='bbox 480 2303 706 2360; x_wconf 87' lang='lat' dir='ltr'>coniurationem</span> <span class='ocrx_word' id='word_1_204' title='bbox 723 2310 822 2360; x_wconf 92' lang='lat' dir='ltr'>contra</span> <span class='ocrx_word' id='word_1_205' title='bbox 838 2323 898 2362; x_wconf 91' lang='lat' dir='ltr'>rem</span> 
     </span>
     <span class='ocr_line' id='line_1_29' title="bbox 59 2382 898 2460; baseline 0.002 -22"><span class='ocrx_word' id='word_1_206' title='bbox 59 2382 203 2458; x_wconf 89' lang='lat' dir='ltr'>publicam</span> <span class='ocrx_word' id='word_1_207' title='bbox 214 2383 364 2440; x_wconf 87' lang='lat' dir='ltr'>videretis:</span> <span class='ocrx_word' id='word_1_208' title='bbox 385 2383 441 2439; x_wconf 89' lang='lat' dir='ltr'>nisi</span> <span class='ocrx_word' id='word_1_209' title='bbox 452 2402 518 2440; x_wconf 89' lang='lat' dir='ltr'>vero</span> <span class='ocrx_word' id='word_1_210' title='bbox 530 2383 554 2439; x_wconf 90' lang='lat' dir='ltr'>si</span> <span class='ocrx_word' id='word_1_211' title='bbox 565 2383 628 2459; x_wconf 89' lang='lat' dir='ltr'>quis</span> <span class='ocrx_word' id='word_1_212' title='bbox 643 2391 686 2440; x_wconf 91' lang='lat' dir='ltr'>cst</span> <span class='ocrx_word' id='word_1_213' title='bbox 697 2384 747 2460; x_wconf 90' lang='lat' dir='ltr'>qui</span> <span class='ocrx_word' id='word_1_214' title='bbox 758 2383 898 2441; x_wconf 85' lang='lat' dir='ltr'>Catilinae</span> 
     </span>
     <span class='ocr_line' id='line_1_30' title="bbox 59 2460 896 2539; baseline 0.002 -23"><span class='ocrx_word' id='word_1_215' title='bbox 59 2460 166 2519; x_wconf 88' lang='lat' dir='ltr'>similes</span> <span class='ocrx_word' id='word_1_216' title='bbox 180 2481 245 2519; x_wconf 89' lang='lat' dir='ltr'>cum</span> <span class='ocrx_word' id='word_1_217' title='bbox 257 2461 380 2519; x_wconf 85' lang='lat' dir='ltr'>Catilina</span> <span class='ocrx_word' id='word_1_218' title='bbox 394 2463 497 2520; x_wconf 90' lang='lat' dir='ltr'>sentire</span> <span class='ocrx_word' id='word_1_219' title='bbox 511 2482 570 2519; x_wconf 94' lang='lat' dir='ltr'>non</span> <span class='ocrx_word' id='word_1_220' title='bbox 581 2468 672 2539; x_wconf 90' lang='lat' dir='ltr'>putet.</span> <span class='ocrx_word' id='word_1_221' title='bbox 708 2462 737 2519; x_wconf 91' lang='lat' dir='ltr'>N</span> <span class='ocrx_word' id='word_1_222' title='bbox 738 2482 776 2519; x_wconf 94' lang='lat' dir='ltr'>ou</span> <span class='ocrx_word' id='word_1_223' title='bbox 787 2470 830 2519; x_wconf 91' lang='lat' dir='ltr'>est</span> <span class='ocrx_word' id='word_1_224' title='bbox 841 2464 896 2519; x_wconf 90' lang='lat' dir='ltr'>iam</span> 
     </span>
     <span class='ocr_line' id='line_1_31' title="bbox 59 2541 897 2618; baseline 0 -20"><span class='ocrx_word' id='word_1_225' title='bbox 59 2541 170 2599; x_wconf 88' lang='lat' dir='ltr'>lenitati</span> <span class='ocrx_word' id='word_1_226' title='bbox 184 2542 279 2600; x_wconf 92' lang='lat' dir='ltr'>locus:</span> <span class='ocrx_word' id='word_1_227' title='bbox 302 2543 480 2600; x_wconf 88' lang='lat' dir='ltr'>severitatem</span> <span class='ocrx_word' id='word_1_228' title='bbox 496 2562 541 2599; x_wconf 89' lang='lat' dir='ltr'>res</span> <span class='ocrx_word' id='word_1_229' title='bbox 558 2543 620 2618; x_wconf 89' lang='lat' dir='ltr'>ipsa</span> <span class='ocrx_word' id='word_1_230' title='bbox 636 2542 754 2618; x_wconf 88' lang='lat' dir='ltr'>flagitat.</span> <span class='ocrx_word' id='word_1_231' title='bbox 797 2542 897 2600; x_wconf 92' lang='lat' dir='ltr'>Unum</span> 
     </span>
     <span class='ocr_line' id='line_1_32' title="bbox 60 2621 899 2698; baseline 0.004 -22"><span class='ocrx_word' id='word_1_232' title='bbox 60 2621 146 2677; x_wconf 88' lang='lat' dir='ltr'>etiam</span> <span class='ocrx_word' id='word_1_233' title='bbox 159 2641 236 2680; x_wconf 90' lang='lat' dir='ltr'>nunc</span> <span class='ocrx_word' id='word_1_234' title='bbox 250 2623 421 2681; x_wconf 85' lang='lat' dir='ltr'>concedam:</span> <span class='ocrx_word' id='word_1_235' title='bbox 443 2627 553 2692; x_wconf 85' lang='lat' dir='ltr'>exeant,</span> <span class='ocrx_word' id='word_1_236' title='bbox 565 2621 788 2698; x_wconf 89' lang='lat' dir='ltr'>proficiscantur,</span> <span class='ocrx_word' id='word_1_237' title='bbox 801 2641 837 2679; x_wconf 87' lang='lat' dir='ltr'>ne</span> <span class='ocrx_word' id='word_1_238' title='bbox 851 2641 899 2698; x_wconf 91' lang='lat' dir='ltr'>pa-</span> 
     </span>
     <span class='ocr_line' id='line_1_33' title="bbox 59 2700 896 2760; baseline 0.007 -6"><span class='ocrx_word' id='word_1_239' title='bbox 59 2700 168 2757; x_wconf 89' lang='lat' dir='ltr'>tiantur</span> <span class='ocrx_word' id='word_1_240' title='bbox 187 2701 328 2759; x_wconf 86' lang='lat' dir='ltr'>desiderio</span> <span class='ocrx_word' id='word_1_241' title='bbox 350 2703 394 2760; x_wconf 93' lang='lat' dir='ltr'>sui</span> <span class='ocrx_word' id='word_1_242' title='bbox 415 2701 569 2759; x_wconf 90' lang='lat' dir='ltr'>Catilinam</span> <span class='ocrx_word' id='word_1_243' title='bbox 589 2702 725 2759; x_wconf 89' lang='lat' dir='ltr'>miserum</span> <span class='ocrx_word' id='word_1_244' title='bbox 745 2702 896 2760; x_wconf 87' lang='lat' dir='ltr'>tabescere.</span> 
     </span>
     <span class='ocr_line' id='line_1_34' title="bbox 59 2779 898 2858; baseline 0.004 -22"><span class='ocrx_word' id='word_1_245' title='bbox 59 2779 270 2838; x_wconf 88' lang='lat' dir='ltr'>Demonstrabo</span> <span class='ocrx_word' id='word_1_246' title='bbox 287 2782 357 2839; x_wconf 86' lang='lat' dir='ltr'>iter:</span> <span class='ocrx_word' id='word_1_247' title='bbox 378 2782 496 2839; x_wconf 89' lang='lat' dir='ltr'>Aurelia</span> <span class='ocrx_word' id='word_1_248' title='bbox 509 2782 555 2838; x_wconf 89' lang='lat' dir='ltr'>via</span> <span class='ocrx_word' id='word_1_249' title='bbox 570 2781 717 2858; x_wconf 87' lang='lat' dir='ltr'>profectus</span> <span class='ocrx_word' id='word_1_250' title='bbox 734 2788 792 2840; x_wconf 90' lang='lat' dir='ltr'>est:</span> <span class='ocrx_word' id='word_1_251' title='bbox 815 2783 838 2839; x_wconf 91' lang='lat' dir='ltr'>si</span> <span class='ocrx_word' id='word_1_252' title='bbox 856 2802 898 2839; x_wconf 94' lang='lat' dir='ltr'>ac·</span> 
     </span>
     <span class='ocr_line' id='line_1_35' title="bbox 60 2859 898 2938; baseline 0.005 -22"><span class='ocrx_word' id='word_1_253' title='bbox 60 2859 180 2916; x_wconf 87' lang='lat' dir='ltr'>celerare</span> <span class='ocrx_word' id='word_1_254' title='bbox 203 2861 308 2932; x_wconf 90' lang='lat' dir='ltr'>volent,</span> <span class='ocrx_word' id='word_1_255' title='bbox 328 2862 365 2918; x_wconf 89' lang='lat' dir='ltr'>ad</span> <span class='ocrx_word' id='word_1_256' title='bbox 389 2880 535 2938; x_wconf 90' lang='lat' dir='ltr'>vesperam</span> <span class='ocrx_word' id='word_1_257' title='bbox 563 2869 778 2938; x_wconf 89' lang='lat' dir='ltr'>consequentur.</span> <span class='ocrx_word' id='word_1_258' title='bbox 823 2861 848 2918; x_wconf 79' lang='grc'>7.</span> <span class='ocrx_word' id='word_1_259' title='bbox 872 2861 898 2920; x_wconf 93' lang='grc' dir='ltr'><strong>Ο</strong></span> 
     </span>
     <span class='ocr_line' id='line_1_36' title="bbox 59 2938 897 3018; baseline 0.001 -22"><span class='ocrx_word' id='word_1_260' title='bbox 59 2938 236 3010; x_wconf 85' lang='lat' dir='ltr'>fortunatam</span> <span class='ocrx_word' id='word_1_261' title='bbox 253 2961 312 2998; x_wconf 92' lang='lat' dir='ltr'>rcm</span> <span class='ocrx_word' id='word_1_262' title='bbox 326 2941 482 3018; x_wconf 89' lang='lat' dir='ltr'>publicam,</span> <span class='ocrx_word' id='word_1_263' title='bbox 495 2941 519 2997; x_wconf 92' lang='lat' dir='ltr'>si</span> <span class='ocrx_word' id='word_1_264' title='bbox 534 2941 651 3017; x_wconf 91' lang='lat' dir='ltr'>quidem</span> <span class='ocrx_word' id='word_1_265' title='bbox 666 2942 738 2999; x_wconf 88' lang='lat' dir='ltr'>hanc</span> <span class='ocrx_word' id='word_1_266' title='bbox 757 2941 897 2998; x_wconf 87' lang='lat' dir='ltr'>sentinam</span> 
     </span>
     <span class='ocr_line' id='line_1_37' title="bbox 59 3018 906 3080; baseline -0.006 -5"><span class='ocrx_word' id='word_1_267' title='bbox 59 3018 138 3076; x_wconf 89' lang='lat' dir='ltr'>urbis</span> <span class='ocrx_word' id='word_1_268' title='bbox 162 3020 291 3077; x_wconf 89' lang='lat' dir='ltr'>eiecerit!</span> <span class='ocrx_word' id='word_1_269' title='bbox 333 3021 402 3080; x_wconf 91' lang='lat' dir='ltr'>Uno</span> <span class='ocrx_word' id='word_1_270' title='bbox 426 3021 587 3078; x_wconf 88' lang='lat' dir='ltr'>mehercule</span> <span class='ocrx_word' id='word_1_271' title='bbox 612 3020 739 3078; x_wconf 84' lang='lat' dir='ltr'>Catilina</span> <span class='ocrx_word' id='word_1_272' title='bbox 760 3021 906 3077; x_wconf 56' lang='lat' dir='ltr'>exhaustu</span> 
     </span>
     <span class='ocr_line' id='line_1_38' title="bbox 59 3089 941 3179; baseline -0.005 -23"><span class='ocrx_word' id='word_1_273' title='bbox 59 3099 182 3158; x_wconf 85' lang='lat' dir='ltr'>relevata</span> <span class='ocrx_word' id='word_1_274' title='bbox 197 3100 271 3159; x_wconf 86' lang='lat' dir='ltr'>mihi</span> <span class='ocrx_word' id='word_1_275' title='bbox 285 3107 316 3161; x_wconf 89' lang='lat' dir='ltr'>et</span> <span class='ocrx_word' id='word_1_276' title='bbox 329 3108 461 3162; x_wconf 86' lang='lat' dir='ltr'>recreata</span> <span class='ocrx_word' id='word_1_277' title='bbox 473 3122 524 3161; x_wconf 89' lang='lat' dir='ltr'>res</span> <span class='ocrx_word' id='word_1_278' title='bbox 536 3101 664 3179; x_wconf 70' lang='lat' dir='ltr'>publiea</span> <span class='ocrx_word' id='word_1_279' title='bbox 672 3100 808 3154; x_wconf 54' lang='lat' dir='ltr'>naeuus.</span> <span class='ocrx_word' id='word_1_280' title='bbox 845 3089 941 3152; x_wconf 39' lang='lat' dir='ltr'>Q&amp;</span> 
     </span>
    </p>
   </div>
   <div class='ocr_carea' id='block_1_3' title="bbox 51 3153 968 3265">
    <p class='ocr_par' dir='ltr' id='par_1_4' title="bbox 51 3153 968 3265">
     <span class='ocr_line' id='line_1_39' title="bbox 51 3153 968 3265; baseline -0.021 -27"><span class='ocrx_word' id='word_1_281' title='bbox 51 3180 130 3239; x_wconf 90' lang='lat' dir='ltr'>enim</span> <span class='ocrx_word' id='word_1_282' title='bbox 149 3182 220 3244; x_wconf 87' lang='lat' dir='ltr'>mali</span> <span class='ocrx_word' id='word_1_283' title='bbox 235 3190 288 3246; x_wconf 90' lang='lat' dir='ltr'>aut</span> <span class='ocrx_word' id='word_1_284' title='bbox 303 3185 424 3248; x_wconf 85' lang='lat' dir='ltr'>sceleris</span> <span class='ocrx_word' id='word_1_285' title='bbox 435 3184 518 3265; x_wconf 67' lang='lat' dir='ltr'>iurgi</span> <span class='ocrx_word' id='word_1_286' title='bbox 531 3190 588 3242; x_wconf 85' lang='lat' dir='ltr'>aut</span> <span class='ocrx_word' id='word_1_287' title='bbox 604 3169 866 3257; x_wconf 40' lang='lat' dir='ltr'>cogitamenta&amp;</span> <span class='ocrx_word' id='word_1_288' title='bbox 875 3153 968 3229; x_wconf 43' lang='lat' dir='ltr'>aa&amp;</span> 
     </span>
    </p>
   </div>
   <div class='ocr_carea' id='block_1_4' title="bbox 0 0 998 3480">
    <p class='ocr_par' dir='ltr' id='par_1_5' title="bbox 0 0 998 3480">
     <span class='ocr_line' id='line_1_40' title="bbox 0 0 998 3480; baseline 0 1"><span class='ocrx_word' id='word_1_289' title='bbox 0 0 998 3480; x_wconf 95' lang='lat' dir='ltr'> </span> 
     </span>
    </p>
   </div>
  </div>
 </body>
</html>
