1988 3480
78 112 123 157 102
273 108 342 157 1’1i0
358 109 389 158 L.
405 105 558 157 MURENA
574 104 721 157 olis'rio.

75 210 211 286 Sulpicio,
223 208 259 265 de.
276 208 405 287 eipiitiim
422 207 565 271 centuriis,
577 206 616 265 bl.
628 206 746 279 Catoni,
761 209 884 271 bomini
901 214 930 271 in

75 291 153 346 ‹iiiiiti
172 290 275 346 virtute
293 288 448 350 excellenti,
464 288 500 345 de
516 287 606 364 ipsius
622 288 823 359 accusatione,
835 292 874 351 de
890 312 929 351 se·

75 378 158 425 natus
174 370 313 431 consultu,
326 369 362 425 de
379 388 407 425 re
425 368 539 444 publiea
555 366 745 442 respondebo.
791 370 926 431 XXVII.

76 456 121 506 δι’),
144 449 200 505 Sed
220 468 317 525 pauca,
334 468 404 525 quae
425 467 519 503 meniu
538 447 667 504 animum
685 457 812 525 repento
832 470 926 511 more

75 536 148 593 runt,
161 529 239 606 prius
254 529 288 585 de
307 527 334 585 li.
349 528 481 585 Murenae
498 528 615 583 fortuna
631 545 803 605 conquerar.
849 530 923 589 Nam

74 628 139 665 eum
154 628 236 685 saepe
251 619 341 669 autea.
353 608 467 671 iudices,
478 615 506 665 et
520 626 554 663 ex
569 606 690 663 aliorum
704 608 836 667 miseriis
850 619 880 669 et
890 632 923 669 ex

73 688 145 746 meis
159 690 232 746 ruris
248 687 445 764 laliuribusque
460 686 611 744 cotidianis
624 686 794 745 fortunatos
808 708 863 747 eos
875 690 924 749 ho

73 770 166 825 mines
181 769 342 830 iudiearem,
353 768 401 843 qui
418 767 519 824 remoti
533 786 550 823 a
563 765 665 823 studiis
679 764 857 827 ambitionis
870 771 923 829 oti-

74 868 121 904 um
140 868 171 905 ae
188 848 423 923 tmiiquillitatem
439 848 513 903 ritae
530 846 619 903 secuti
636 852 712 915 sunt,
723 852 790 903 tum
804 850 921 908 veroin

74 927 118 983 liis
133 927 162 984 L.
175 928 307 985 illiue-ime
321 928 409 984 tantis
423 935 539 1004 tamque
553 925 716 1002 improvisis
728 927 872 1002 periculis
882 931 922 989 its

73 1026 135 1062 sum
150 1007 245 1063 iniimo
260 1007 398 1077 alfei-tus,
413 1016 444 1063 ut
458 1026 515 1063 nou
531 1025 632 1083 qiieain
647 1005 717 1062 satis
730 1024 828 1084 neque
843 1029 922 1068 com·

73 1106 187 1142 inuiiein
208 1087 337 1143 omnium
355 1096 484 1144 nostrum
503 1086 701 1143 condicionem
718 1104 815 1164 neque
832 1088 922 1149 buius

72 1174 204 1223 eventum
227 1168 429 1243 fortunamque
450 1167 592 1223 miserari:
619 1166 667 1242 qui
688 1166 826 1242 primum,
848 1170 921 1228 dum

72 1267 105 1303 ex
118 1247 273 1304 honoribus
288 1248 430 1304 continuis
444 1246 570 1303 familiae
584 1246 782 1323 maiominqne
796 1267 920 1309 suorum

72 1347 160 1383 unuin
173 1328 342 1385 adscendere
352 1327 472 1401 ¹triadum
484 1326 634 1403 dignitatis
644 1331 764 1383 conatus
773 1336 828 1399 est,
836 1332 920 1389 venit

71 1408 100 1463 iii
116 1408 282 1484 periculum,
295 1427 330 1464 ne
345 1416 372 1464 et
388 1427 428 1467 ea.
441 1426 512 1482 quae
526 1453 532 1465 .
546 1451 572 1467 ..
589 1406 692 1477 relicta,
705 1413 735 1463 et
748 1405 830 1479 haee,
842 1428 921 1486 quae

72 1487 107 1543 ab
124 1489 185 1564 ipso
199 1494 298 1564 parata
312 1496 385 1551 suut,
398 1487 519 1555 auditui,
530 1486 642 1557 deinde,
652 1493 769 1563 propter
782 1488 919 1561 studium

72 1586 161 1625 norae
177 1568 275 1635 laudis,
288 1568 373 1624 etiarn
390 1567 417 1622 iii
433 1566 535 1623 veteris
548 1567 681 1623 fortunae
695 1565 850 1627 discrimen
868 1571 919 1628 ad·

72 1648 192 1706 ducitur.
237 1654 282 1705 56.
305 1646 383 1715 Quae
408 1666 473 1703 cuin
498 1654 565 1703 sunt
587 1646 690 1722 gravia,
710 1645 830 1718 iudices,
849 1656 919 1708 tum

71 1727 142 1785 illud
159 1728 433 1786 acerbissiuiumt
391 1734 433 1783 est
435 1726 536 1804 ,quod
553 1726 639 1783 habet
658 1745 706 1783 eos
725 1735 917 1801 accusatores,

71 1826 129 1863 non
148 1809 193 1883 qui
214 1808 306 1863 odio'
298 1806 419 1864 inimicit
423 1807 512 1863 iarum
530 1807 566 1864 ad
583 1806 782 1878 accusandum,
794 1808 847 1866 sed
864 1810 917 1887 qiii

72 1887 167 1942 studio
185 1885 334 1942 accusandi
351 1886 412 1941 ad
404 1887 527 1944 inimicit
525 1887 570 1944 ias
586 1885 791 1943 descenderint.
836 1887 916 1947 Nam

71 1974 104 2021 ut
121 1965 252 2022 omittam
271 1964 398 2021 Servium
418 1965 584 2043 Sulpicium,
601 1986 685 2044 quein
703 1964 833 2044 intelligo
853 1988 915 2027 iion

71 2044 174 2100 iniuria
192 2044 223 2101 L.
236 2044 378 2116 Murenae,
395 2046 444 2104 sed
463 2047 580 2104 lionoris
598 2047 782 2103 contentione
800 2065 916 2124 permo-

70 2132 142 2195 tum,
162 2131 274 2181 accusat
296 2132 430 2202 patemus
452 2128 568 2197 amicus,
589 2126 620 2184 C.
637 2127 801 2197 Postumus,
819 2135 914 2201 vetus,

71 2212 104 2261 ut
117 2205 157 2262 ait
172 2205 241 2281 ipse,
253 2205 363 2264 vicinus
376 2227 408 2265 ac
423 2208 610 2267 necessarius:
631 2207 680 2284 qui
694 2206 914 2267 necessitudinis

71 2304 168 2342 causas
191 2287 351 2363 complures
375 2289 503 2366 protulit,
524 2288 676 2345 simultatis
703 2286 810 2343 nullam
835 2307 914 2346 eoni-

70 2385 227 2424 memorare
257 2375 309 2444 pot
310 2369 372 2426 uit:
405 2375 517 2426 accusat
547 2368 605 2425 Ser.
629 2367 779 2444 Sulpicius,
806 2367 913 2427 sodalis

71 2446 130 2517 lilii,
146 2448 226 2504 euius
245 2449 360 2524 ineenio
380 2449 491 2526 paterni
510 2467 609 2504 omnes
627 2447 775 2505 necessarii
794 2448 914 2507 muniti-

72 2547 133 2583 ores
150 2548 210 2585 esse
223 2528 381 2586 debebant:
404 2534 516 2585 accusat
530 2525 567 2582 Μ.
579 2525 651 2583 Cato
653 2528 722 2604 ,qui
738 2547 912 2605 quamquam

71 2626 87 2661 a
108 2607 226 2665 Murena
246 2608 323 2665 nulla
343 2628 373 2665 re
393 2626 530 2684 umquam
551 2605 659 2663 alienus
679 2609 772 2679 futat
760 2616 857 2665 tamen
877 2628 913 2667 ea

71 2686 239 2779 condicione
255 2682 363 2764 [nobis]
378 2688 481 2744 eratin
496 2686 589 2742 bae
565 2687 680 2744 onitate
696 2696 788 2759 nstris,
800 2694 833 2744 ut
850 2688 913 2745 eius

71 2783 153 2856 opes,
161 2767 214 2821 ut
206 2767 353 2858 ingenium
368 2766 509 2858 praesidio
523 2765 664 2824 multist
636 2774 664 2824 et
666 2768 722 2824 iam
737 2768 844 2838 alienis,
854 2768 912 2825 exi-

71 2844 112 2900 tio
129 2845 174 2900 iix
192 2846 324 2921 cuiquam
338 2846 456 2902 inimico
473 2864 532 2902 esse
549 2845 671 2904 deborae
715 2850 760 2904 57.
783 2847 912 2923 Respon-

71 2923 145 2980 debo
163 2925 251 3000 igitur
267 2925 407 2982 Postumo
417 2924 557 3016 primum,
570 2925 619 3002 qui
636 2927 731 2984 nescio
750 2947 806 3004 quo
824 2935 909 3004 paeto

70 3003 143 3060 mihi
167 2974 244 3061 videt
232 3011 279 3061 tur
302 3004 459 3081 praetorius
487 3004 620 3062 candidat
608 3012 654 3062 tus
678 3006 707 3062 in
732 3008 911 3064 consularem

72 3083 151 3155 quasi
171 3082 368 3140 desultorius
359 3103 388 3141 iii
409 3083 609 3175 quadrigarum
629 3086 826 3142 curriculum
819 3106 910 3144 meur·

50 3173 54 3179 '
71 3177 138 3217 rere.
177 3161 266 3219 Cuius
280 3163 482 3239 competitores
496 3183 520 3220 si
511 3164 603 3220 'nihil
618 3164 808 3239 deliquerunt,
818 3166 911 3239 digni·
