1988 3480
289 140 368 190 cnr.
384 139 512 200 v.-v11.‚
529 137 543 198 s
559 124 647 188 n-'au
850 142 896 186 rer,
915 126 917 128 ’

60 241 123 298 darn
139 240 283 298 calamitas
297 240 430 298 incidisse
445 240 557 298 videtur
574 246 602 297 et
616 239 792 316 improvidas
805 239 898 296 horni-

57 341 127 378 num
141 327 251 377 mentes
269 321 503 397 occupavissent
518 339 603 377 nemo
617 320 714 376 mirari
729 319 833 376 debeat
846 319 898 376 hu-

57 421 142 458 mana
158 399 276 457 consilia
293 400 389 456 divina
405 400 572 457 necessitate
589 419 649 456 esse
666 406 805 476 superata.
850 405 895 456 18.

58 480 154 537 Liceat
165 499 225 536 esse
238 479 373 536 miseros:
393 499 565 556 quamquam
580 479 635 536 hoe
647 480 753 536 victore
768 498 897 536 essenon

58 579 216 636 possumus
249 559 307 616 Sed
317 578 375 615 non
385 559 488 636 loquor
501 558 537 616 dc
551 558 651 615 nobis:
674 558 709 616 de
721 559 775 614 illis
786 559 896 638 loquor,

58 641 108 716 qni
122 640 295 696 occiderunt.
332 639 449 696 Fuerint
463 639 568 715 cupidi,
581 639 690 695 fuerint
704 639 777 708 irati,
790 639 899 695 fuerint

58 720 234 796 pertinaces:
260 719 371 776 sceleris
391 739 458 776 vero
483 719 609 788 crimine,
625 719 738 788 furoris
754 718 898 795 parricidii

58 799 141 856 liceat
155 799 207 856 Cn.
216 799 357 876 Pompeio
371 806 494 870 mortuo,
507 798 590 855 liceat
606 798 705 855 multis
720 799 782 855 aliis
796 817 900 864 carere.

59 877 180 946 Quande
195 879 250 936 hoc
265 879 414 956 quisquam
432 899 466 936 ex
480 886 518 949 te,
529 877 641 949 Caesar,
654 879 773 948 audivit,
786 884 835 935 aut
849 886 899 936 tua

59 959 129 1036 quid
139 959 217 1016 alind
227 978 306 1016 arma
315 959 465 1016 voluerunt
476 959 532 1015 nisi
547 979 564 1015 a
577 965 606 1016 te
621 959 824 1016 contumeliam
835 977 902 1036 pro-

58 1039 188 1116 pulsaret
228 1038 305 1107 Quid
321 1041 381 1117 egit
398 1046 464 1097 tuus
480 1040 605 1096 invictus
626 1039 774 1110 exercitus,
789 1039 845 1095 nisi
866 1044 899 1095 ut

59 1139 141 1176 suurn
158 1121 202 1176 ius
218 1126 346 1176 tueretur
366 1126 395 1177 et
412 1120 583 1197 dignitatem
600 1122 699 1177 tuamt
740 1119 836 1188 Quid?
856 1126 897 1188 tu,

58 1218 124 1255 curn
140 1218 239 1276 pacem
261 1219 320 1256 esse
337 1199 480 1277 cupiebas,
495 1200 563 1257 idne
584 1200 695 1276 agebas,
711 1207 743 1256 ut
760 1199 814 1256 tibi
833 1218 898 1255 curn

59 1278 207 1349 sceleratis,
219 1299 255 1335 an
270 1287 302 1336 ut
317 1298 384 1336 cum
397 1279 482 1336 bonis
499 1279 608 1335 civibus
625 1280 809 1336 conveniret?
852 1284 897 1336 19.

60 1357 132 1414 Mihi
153 1378 227 1429 veru,
240 1359 350 1429 Caesar,
363 1365 413 1415 tua
433 1360 464 1415 in
485 1378 531 1415 me
552 1360 677 1415 maxima
697 1359 799 1415 merita
819 1365 900 1415 tanta

59 1444 134 1494 certe
155 1456 214 1494 non
231 1439 402 1509 viderentur,
418 1439 442 1495 si
458 1457 505 1495 me
521 1445 554 1495 ut
571 1439 737 1495 sceleratum
756 1458 773 1495 a
789 1446 818 1496 te
835 1457 900 1495 con-

60 1523 202 1574 servatum
216 1524 354 1594 putarem.
397 1517 461 1586 Quo
476 1518 564 1574 mede
579 1526 675 1575 autem
689 1525 722 1575 tu
736 1519 772 1575 de
786 1537 815 1575 re
829 1518 900 1595 pub

60 1596 114 1653 lica
130 1596 202 1654 bene
218 1598 337 1655 meritus
354 1617 437 1668 esses,
450 1617 515 1654 cum
532 1603 577 1654 tot
596 1597 745 1654 sceleratos
762 1599 899 1655 ineolumi

60 1676 201 1753 dignitate
222 1696 281 1734 esse
300 1678 455 1735 voluisses?
496 1677 689 1734 Secessionem
708 1684 741 1734 tu
760 1678 837 1734 illam
855 1697 900 1734 ex·

61 1756 231 1828 istimavisti,
242 1757 352 1827 Caesar,
367 1758 460 1827 initio,
477 1776 534 1813 non
553 1756 667 1826 bellum,
683 1776 775 1834 neque
796 1757 899 1814 hostile

61 1836 168 1908 odium,
179 1837 229 1894 sed
240 1837 321 1895 civile
333 1837 494 1907 discidium,
505 1837 632 1913 utrisque
644 1837 825 1913 cupientibus
839 1856 898 1894 rem

60 1916 203 1993 publicam
221 1917 334 1988 salvam,
347 1917 397 1974 sed
411 1917 516 1993 partim
531 1916 665 1985 consiliis,
677 1917 783 1993 partim
798 1917 899 1974 studiis

60 2015 79 2052 a
97 1998 244 2054 communi
261 1997 385 2054 utilitate
406 1995 609 2054 aberrantibus.
652 1996 819 2075 Principum
839 1997 899 2074 dig-

60 2075 135 2133 nitas
159 2084 218 2134 erat
240 2096 329 2154 paene
353 2097 412 2154 par,
428 2096 487 2133 non
511 2096 563 2153 par
584 2077 704 2134 fortasse
726 2096 833 2146 eorum,
850 2078 898 2154 qui

61 2156 266 2232 sequebantur:
289 2176 372 2213 causa
388 2164 450 2213 tum
469 2156 564 2226 dubia,
578 2157 655 2232 quod
670 2163 730 2214 erat
746 2157 855 2234 aliquid
869 2157 896 2213 in

61 2242 180 2312 utraque
197 2244 276 2311 parte
295 2235 373 2312 quod
389 2235 503 2312 probari
520 2243 632 2312 posset:
655 2256 730 2293 nunc
749 2237 851 2293 melior
867 2255 899 2292 ea

61 2314 213 2371 iudicanda
230 2322 280 2384 est,
293 2334 378 2392 quam
400 2315 485 2372 etiam
507 2316 537 2372 di
556 2315 732 2372 adiuverunt.
762 2315 900 2392 Cognita

61 2411 128 2450 vero
150 2393 300 2450 clementia
316 2401 367 2451 tua
383 2395 445 2470 quis
467 2414 524 2450 nen
542 2414 604 2450 eam
622 2395 770 2451 victoriam
787 2395 898 2470 prebet,

62 2472 91 2528 in
108 2493 163 2550 qna
177 2473 312 2530 occiderit
327 2493 411 2531 neme
425 2475 480 2530 nisi
495 2475 637 2530 armatus?

103 2552 169 2610 VII.
207 2560 253 2610 20.
278 2553 334 2610 Sed
359 2561 391 2610 ut
416 2554 548 2611 emittam
565 2572 754 2629 communem
777 2573 898 2623 causam,

63 2633 209 2689 veniamus
224 2633 260 2689 ad
274 2641 408 2690 nostram.
444 2633 551 2691 Utrum
567 2633 683 2689 tandem
701 2633 846 2689 existimas
860 2634 901 2689 fa-

62 2711 144 2768 cilius
167 2713 263 2783 fuisse,
279 2713 400 2782 Tubem,
418 2712 562 2789 Ligarium
585 2733 619 2769 cx
640 2712 741 2770 Africa
765 2713 839 2769 exire
864 2733 900 2769 an

63 2811 114 2847 vos
131 2793 159 2848 in
178 2792 307 2849 Africam
324 2813 382 2849 non
400 2794 513 2849 veniret
554 2792 767 2859 Poteramusne,
780 2793 902 2869 inquies,-

63 2891 128 2928 cum
141 2879 254 2928 senatus
264 2873 436 2929 censuisset?
467 2872 497 2927 Si
508 2891 554 2928 me
566 2871 697 2941 consulis,
709 2872 788 2928 nullo
802 2872 898 2928 mode.

63 2951 120 3007 Sed
135 2958 231 3008 tamen
242 2951 387 3028 Ligarium
403 2960 516 3009 senatus
530 2951 607 3008 idem
622 2950 770 3027 legaverat.
803 2953 900 3028 Atque

62 3030 109 3088 ille
131 3051 164 3088 eo
186 3038 314 3108 tempere
335 3032 437 3108 paruit,
453 3051 518 3088 eum
540 3050 637 3107 parere
658 3032 768 3088 senatui
789 3049 901 3087 necesse

63 3119 138 3168 crat:
161 3131 211 3167 vos
222 3119 290 3168 tunc
301 3111 443 3188 paruistis,
453 3131 521 3168 cum
529 3109 923 3188 paruitnemeeximuxpxa

58 3189 370 3271 Reprehendoigiturt
397 3191 619 3252 Minimcrere.
641 3175 953 3260 despeexixmmeum
