1988 3480
85 115 152 181 ι’228
186 112 223 162 1n'
241 111 276 160 M.
292 109 487 161 nu'ron'wm
504 109 641 159 oun'rlo
659 110 892 165 PHILIPPICA
907 115 928 164 1.

104 215 169 273 dem
187 214 290 271 iratum
309 220 338 270 et
354 218 505 279 annatum,
519 229 586 269 cum
605 217 692 271 tanta
707 215 890 291 praesertim
906 217 953 294 gla

102 294 214 352 diorum
230 293 267 350 sit
282 293 446 369 impunitas.
482 290 539 349 Sed
549 310 715 369 proponam
731 293 792 367 ius,
802 302 838 353 ut
849 297 955 373 opinor,

101 390 241 450 aequum:
264 372 342 449 quod
360 371 397 428 ll.
410 371 571 428 Antonium
592 390 652 429 nou
674 371 811 432 arbitror
831 377 954 453 repudia*

102 462 205 509 turum.
242 451 314 527 Ego,
327 452 350 508 si
365 451 434 528 quid
445 451 474 508 in
487 451 575 508 vitam
589 450 652 508 cius
665 453 766 511 autin
781 473 883 513 mores
895 476 953 514 eum

101 532 276 589 contumelia
289 532 396 601 dixero,
409 550 466 608 quo
480 530 576 588 minus
588 529 662 588 mihi
677 531 909 593 inimicissimus
921 537 952 593 sit

101 631 159 670 non
180 611 332 670 recusabo:
355 611 398 667 sin
419 609 655 668 consuetudinem
677 629 781 670 meam
803 608 951 692 [quamin

102 712 130 750 re
152 691 268 770 publiea
291 710 404 768 semper
423 687 533 768 habui],
547 696 676 760 tenuero,
692 691 725 749 id
748 700 806 766 est,
823 695 848 751 si
870 695 952 754 libere

101 792 173 850 quae
188 773 309 829 sentiam
323 771 359 829 de
373 790 402 828 re
416 769 531 848 publiea
544 768 652 840 dixero,
663 770 801 847 primum
817 773 951 852 deprecor

101 871 136 909 nc
151 852 302 910 irascatur:
324 851 436 919 deinde,
447 850 470 907 si
484 849 539 907 hoc
552 867 611 907 non
626 849 764 927 impetro,
777 860 853 930 pcto
868 861 902 912 ut
914 855 950 912 sic

101 931 245 997 irascatur,
258 938 290 988 ut
309 931 373 987 civi.
411 929 509 988 Armis
529 936 635 1000 utatur,
651 930 676 987 si
692 930 735 989 ita
756 951 881 992 necesse
901 942 948 1006 est,

100 1018 133 1068 ut
147 1010 225 1076 dicit,
238 1010 282 1066 sui
293 1010 468 1067 defendendi
483 1027 580 1067 causa:
597 1009 642 1080 iis,
651 1009 702 1087 qui
716 1029 774 1087 pro
789 1032 822 1071 re
835 1013 949 1091 publiea

120 1108 172 1146 uae
188 1089 257 1165 ipsis
271 1090 331 1146 visa
347 1097 431 1147 emnt
447 1089 580 1159 dixerint,
592 1088 648 1146 'usta
661 1108 744 1147 arma·
758 1110 800 1150 ne
818 1101 946 1151 noceant.
962 1161 965 1165 ⁴

100 1109 177 1238 boici
188 1168 240 1226 hae
252 1168 444 1246 postulatione
456 1169 512 1226 dici
523 1175 619 1246 potest
630 1169 770 1245 aequiust
804 1178 853 1230 28.
865 1172 945 1242 Quod

100 1251 132 1321 si,
145 1257 177 1307 ut
187 1248 260 1306 mihi
273 1269 290 1306 a
304 1248 474 1327 quibusdam
489 1249 550 1306 eius
559 1247 750 1306 familiaribus
764 1249 883 1309 dictum
897 1261 945 1324 est,

100 1330 194 1388 omnis
218 1349 380 1407 eun1,quae
405 1327 526 1386 habetur
549 1334 648 1385 contra
667 1327 853 1388 voluntatem
879 1333 945 1403 eius,

100 1410 192 1467 oratio
208 1410 333 1484 graviter
353 1408 483 1478 offendit,
499 1408 585 1465 etiam
607 1407 631 1463 si
651 1407 731 1465 nulle
751 1409 831 1468 inest
848 1419 946 1469 contu·

100 1489 192 1559 melia,
207 1490 333 1546 feremus
353 1488 437 1545 amici
461 1494 600 1544 naturam.
643 1486 701 1545 Sed
724 1487 818 1546 iidem
841 1489 885 1549 illi
907 1491 946 1549 ita

100 1588 211 1626 mecum
229 1568 400 1646 loquuntur:
423 1567 490 1625 Non
505 1567 582 1625 idem
596 1565 651 1624 tibi
665 1566 831 1627 adversario
846 1569 946 1629 Caesa-

100 1649 138 1705 u’s
160 1648 257 1706 licebit
278 1648 357 1725 quod
379 1647 480 1705 Pisoni
503 1665 608 1718 secere,
624 1654 653 1704 et
676 1647 761 1705 simul
783 1648 946 1709 admonent

99 1728 245 1806 quiddam,
258 1728 336 1807 quod
357 1727 527 1798 cavebimus,
541 1745 595 1785 nee
615 1726 669 1784 erit
689 1727 792 1785 iustior
813 1729 846 1787 in
867 1750 946 1789 sena·

98 1816 161 1866 tum
179 1827 237 1865 uon
254 1808 387 1866 veniendi
404 1807 497 1865 morbi
514 1826 598 1865 eausa
615 1826 700 1884 quam
716 1807 829 1868 mortis.
872 1810 943 1871 XII.

99 1894 145 1946 29.
158 1887 216 1946 Sed
250 1908 280 1946 er
294 1887 363 1946 deos
379 1887 571 1946 immortales!
601 1886 642 1946 Te
656 1887 733 1945 enim
747 1888 945 1964 intuens,Do

98 1967 199 2026 labella
220 1908 283 2045 [bui
304 1987 335 2024 es
357 1967 430 2024 mihi
452 1965 634 2046 carissimus],
649 1987 708 2025 nou
729 1987 851 2046 possum
875 1972 946 2030 utri-

97 2066 187 2123 usque
208 2053 333 2104 vcstrum
355 2066 478 2105 errorem
499 2049 623 2107 reticere.
665 2047 759 2107 Credo
781 2050 861 2108 enim
882 2071 943 2124 vos,

97 2125 208 2183 nobiles
231 2125 372 2197 homines,
389 2145 495 2204 magna
523 2129 661 2206 quaedam
690 2135 862 2206 spectantes,
883 2150 945 2189 uon

97 2205 257 2283 pecuniam,
268 2213 301 2263 ut
316 2205 432 2283 quidam
447 2207 534 2265 nimis
548 2208 654 2266 creduli
669 2209 858 2286 suspicantur,
870 2230 945 2288 quae

98 2305 211 2364 semper
235 2285 271 2344 ab
295 2286 473 2364 amplissimo
498 2307 612 2365 quoque
637 2288 851 2366 clarissimoque
876 2310 946 2348 eon·

97 2373 209 2444 tempta
229 2373 280 2439 est,
297 2387 355 2424 uon
380 2386 449 2444 opes
473 2368 611 2426 violentas
631 2375 661 2426 et
681 2367 790 2445 populo
807 2368 945 2429 Romano

97 2448 217 2505 minime
231 2448 379 2506 ferendam
390 2447 559 2524 potentiam,
569 2447 620 2505 sed
630 2448 776 2505 caritatem
791 2448 898 2507 civium
913 2458 946 2510 et

97 2526 220 2601 gloriam
241 2528 445 2605 concupivisse.
483 2527 536 2584 Est
554 2534 650 2584 autem
671 2526 762 2603 gloria
781 2526 843 2584 laus
865 2537 945 2588 recte

97 2605 241 2663 factorum
251 2626 479 2684 magnorumque
490 2606 590 2664 iurem
601 2606 746 2683 publicam
760 2607 943 2681 meritorum,

99 2703 254 2761 quaecum
276 2687 380 2763 optimi
401 2687 537 2762 cuiusque
553 2693 616 2743 tum
638 2686 724 2743 etiam
745 2685 943 2747 multitudinis

98 2764 266 2821 testimonio
275 2765 484 2842 comprobatur.
518 2771 564 2823 30.
573 2765 714 2836 Dicerem,
722 2764 881 2838 Dolabella,
892 2771 944 2846 qui

98 2850 174 2903 reete
195 2845 339 2904 factorum
359 2846 471 2914 fruetus
491 2852 572 2916 esset,
584 2845 640 2902 nisi
656 2852 685 2902 te
702 2851 813 2922 praeter
829 2853 944 2907 ceteros

99 2922 253 3000 paullisper
269 2944 330 2982 esse
346 2932 495 3002 expertum
512 2925 646 2984 viderem.
689 2924 781 2992 Quem
798 2932 882 3001 potes
900 2947 944 2987 re·

99 3002 210 3063 ¹cordari
220 3003 251 3060 iu
261 3004 321 3061 vita
331 3004 455 3061 illuxisse
466 3004 521 3061 tibi
531 3003 608 3063 diem
617 3003 763 3061 laetiorem
775 3023 861 3080 quam
873 3025 943 3066 eum

99 3083 214 3159 expiato
231 3084 305 3154 foro,
318 3083 456 3161 dissipato
473 3102 612 3141 concursu
628 3083 792 3160 impiorum,
804 3083 944 3163 principi-

99 3160 153 3225 bus
172 3162 284 3220 sceleris
300 3182 394 3239 poena
410 3163 532 3220 adfectis
549 3157 632 3237 [urbe
648 3162 781 3220 incendio
798 3169 827 3218 et
843 3167 944 3224 caedis
