1988 3480
93 115 140 163 164
227 114 296 165 PRO
312 115 343 164 T.
357 115 474 166 ANNIO
491 115 629 166 MILONE
645 113 787 165 ORATIO.

91 215 224 286 exercitu,
236 214 312 271 huuc
329 214 434 272 dilectu
452 215 528 286 dato,
541 215 678 272 iudicium
696 219 932 292 exspectaturum

91 295 179 351 fuisse
193 294 223 351 in
237 295 298 351 eius
311 294 437 352 consiliis
448 295 633 366 vindicandis,
644 295 692 372 qui
703 295 732 351 vi
746 293 853 351 iudicia
865 295 932 371 ipsa

90 373 220 431 tolleretl
254 373 330 431 Satis
343 375 500 432 iudicatum
516 383 558 432 est
572 394 588 431 a
602 375 754 450 Pompei0,
764 373 841 444 satis,
853 373 931 432 falso

91 454 146 511 ista
159 454 282 511 conferri
296 455 326 511 in
341 454 487 525 Milonem,
500 455 549 531 qui
562 454 654 531 legem
668 455 735 510 tulit
750 473 813 531 qua,
825 460 860 510 ut
873 473 932 531 ego

92 534 192 605 sentia,
204 533 341 591 Milonem
358 534 467 591 absolvi
484 554 501 591 a
517 534 598 591 vobis
614 541 767 610 oporteret,
777 541 811 590 ut
827 553 932 592 ornnes

92 614 270 684 confitentur,
282 613 386 671 liceret.
424 613 469 671 71,
482 613 567 682 Quod
578 634 644 671 vero
659 615 689 670 in
702 614 752 670 illo
767 613 830 670 loco
842 622 931 690 atque

91 694 147 751 illis
161 694 340 771 publicomm
355 693 561 770 praesidiorum
578 694 670 770 copiis
684 694 874 750 circumfusus
888 714 932 751 se·

92 775 148 844 det,
165 775 232 831 satis
249 774 372 831 declarat
393 793 422 830 se
443 792 502 829 non
522 781 659 831 terrorem
680 773 785 830 inferre
806 772 933 830 vobis—-

93 855 162 930 quid
179 854 255 910 enim
272 853 366 910 minus
387 852 436 909 illo
458 853 577 929 dignum
595 872 680 930 quarn
702 859 861 929 cogerent
877 872 947 938 voso

93 953 158 990 cum
178 933 383 1003 condemnetis,
395 933 426 989 in
448 952 533 1010 quem
554 933 681 989 animum
702 932 847 990 advertere
866 933 931 1010 ipse

93 1021 122 1070 et
139 1031 218 1068 more
238 1012 379 1068 maiorum
400 1019 430 1069 et
448 1033 500 1070 suo
518 1013 579 1070 iure
599 1019 697 1089 posset
705 1013 806 1070 l-sed
824 1013 932 1089 praesi-

93 1093 141 1149 dio
158 1111 225 1163 esse,
238 1098 271 1149 ut
287 1091 454 1168 intelligatis
470 1100 570 1149 contra
585 1093 747 1150 hesternam
764 1092 841 1149 illam
863 1111 933 1149 con·

93 1173 201 1229 tionem
215 1172 298 1229 licere
312 1172 394 1229 vobis
409 1173 487 1249 quod
501 1172 629 1230 sentiatis
643 1172 730 1230 libere
743 1172 876 1229 iudicare.

133 1251 260 1310 XXVII.
298 1252 343 1310 72.
366 1252 427 1309 Nec
454 1272 520 1309 vero
549 1272 604 1323 me,
621 1252 737 1322 iudices,
755 1251 931 1309 Clodianum

93 1332 200 1389 crimen
220 1340 325 1403 movet,
340 1351 392 1388 nec
408 1339 468 1389 tam
490 1352 552 1389 sum
572 1333 689 1390 demens
709 1340 825 1408 tamque
842 1333 932 1388 vestri

94 1432 191 1469 sensus
198 1413 314 1489 ignarus
324 1420 408 1489 atque
419 1431 526 1489 expers,
535 1419 567 1470 ut
576 1413 700 1468 nesciam
711 1411 825 1488 quidde
835 1418 934 1469 morte

94 1492 189 1549 Clodii
210 1492 345 1549 sentiatis.
388 1492 434 1548 De
451 1511 514 1568 qua,
527 1493 551 1548 si
568 1493 625 1548 iam
641 1491 747 1548 nollem
763 1491 805 1548 ita
821 1491 934 1549 diluere

94 1573 208 1643 crimen,
226 1578 260 1629 ut
280 1572 359 1642 dilui,
377 1578 474 1629 tamen
494 1573 612 1648 impune
635 1570 737 1627 Miloni
758 1571 854 1647 palam
876 1571 935 1629 cla·

93 1672 170 1708 mare
184 1671 216 1709 ac
232 1651 347 1708 mentiri
361 1652 484 1728 gloriose
500 1651 613 1709 liceret:
635 1650 743 1721 Occidi,
756 1651 857 1722 occidi,
870 1671 932 1709 non

94 1732 142 1808 Sp.
153 1731 296 1802 Maelium,
310 1732 359 1808 qui
379 1751 493 1789 armona
509 1731 629 1788 levanda
644 1731 813 1807 iacturisque
830 1731 872 1788 rei
888 1731 934 1788 fa·

93 1811 219 1882 miliaris,
236 1811 302 1888 quia
324 1811 411 1867 nimis
435 1811 568 1888 amplecti
588 1810 701 1887 plebem
722 1810 881 1882 videbatur,
898 1811 932 1868 in

94 1891 281 1968 suspitionem
302 1891 404 1948 incidit
427 1891 508 1967 regni
528 1890 691 1967 appetendi,
709 1909 768 1947 non
788 1890 832 1947 Ti.
845 1890 936 1948 Grac·

94 1971 188 2041 chum,
205 1971 254 2047 qui
271 1970 395 2047 collegae
413 1971 612 2046 magistratum
628 1990 679 2047 per
696 1970 867 2028 seditionem
884 1969 935 2027 ab

93 2051 213 2127 rogavit,
236 2070 358 2127 quorum
388 2051 585 2107 interfectores
612 2051 803 2128 impleverunt
819 2049 932 2106 -orbem

93 2140 231 2189 terrarum
246 2131 371 2187 nominis
386 2130 429 2185 sui
443 2129 540 2205 gloria,
554 2131 603 2188 sed
615 2130 838 2189 eum-auderet
852 2129 934 2186 enim

11 2222 18 2235 '
94 2212 195 2282 dicere,
212 2230 277 2268 oum
296 2210 418 2287 patriam
439 2209 565 2285 periculo
586 2231 639 2267 suo
655 2209 936 2267 liberasset-cuius

94 2292 250 2348 nefandum
262 2290 431 2348 adulterium
442 2289 473 2344 in
482 2289 676 2365 pulvinaribus
686 2289 872 2346 sanctissimis
881 2307 936 2346 no-

94 2371 247 2428 bilissimae
257 2370 381 2428 feminae
393 2367 685 2445 comprehenderunt:
708 2369 754 2441 13.
765 2367 936 2438 eumenius

94 2452 234 2528 supplicio
244 2458 357 2508 senatus
366 2448 675 2524 sollemnesreligiones
684 2448 838 2525 expiandas
847 2466 935 2524 saepe

94 2532 220 2588 consuit:
242 2547 414 2605 eum,quem
431 2547 497 2584 oum
518 2547 613 2584 sorore
633 2547 769 2604 germana
788 2527 934 2585 nefarium

95 2621 224 2686 stuprum
238 2610 339 2666 fecisse
356 2608 386 2664 L.
398 2607 531 2664 Lucullus
547 2608 657 2665 iuratus
673 2628 702 2664 se
717 2606 935 2686 quaestionibus

95 2689 200 2746 habitis
217 2689 289 2746 dixit
310 2688 497 2764 comperisse:
520 2706 594 2758 eum,
607 2689 656 2765 qui
673 2689 771 2759 civem,
785 2706 869 2764 quem
891 2706 936 2745 se-

95 2776 186 2838 natus,
199 2787 283 2845 quem
300 2767 424 2844 populus
441 2767 596 2837 Romanus,
610 2787 694 2843 quem
711 2787 810 2824 omnes
830 2773 935 2842 gentes

95 2848 172 2905 urbis
189 2868 221 2904 ac
238 2848 312 2904 vitae
329 2847 435 2904 civium
454 2854 681 2903 conservatorem
698 2848 864 2916 iudicarant,
877 2864 937 2902 ser-

94 2948 195 2985 vorum
218 2927 303 2984 armis
325 2927 540 2984 exterminavit:
563 2946 637 2995 eum,
660 2927 709 3002 qui
733 2945 819 3001 regna
840 2925 933 2996 dedit,

95 3007 210 3079 ademit,
226 3006 324 3064 orbem
344 3013 482 3063 terrarum
507 3006 677 3082 quibuscum
700 3005 788 3062 voluit
808 3005 936 3081 partitus

95 3096 153 3146 est:
176 3108 250 3159 eum,
264 3087 312 3164 qui
322 3086 454 3163 plurimis
468 3086 601 3144 caedibus
615 3085 646 3142 in
660 3085 725 3142 foro
738 3085 822 3142 factis
836 3084 936 3161 singu—

79 3167 138 3226 lari
152 3169 259 3230 virtute
273 3175 303 3230 et
314 3167 412 3250 gloria
428 3167 522 3228 civem
535 3166 660 3227 domum
669 3165 702 3222 vi
716 3171 747 3222 et
760 3164 847 3222 armis
856 3170 937 3222 com-
