1988 3480
139 108 169 155 Gt
295 107 333 156 IN
351 107 381 156 L.
395 106 600 156 CATILINAM
617 105 752 156 (rantur.)
770 106 820 156 111.

139 209 234 283 minus
251 208 331 285 digni
348 207 465 285 adsequi
482 207 600 284 possint.
644 206 782 264 Memoria
796 214 898 280 vestra,
912 208 983 280 Qui-

138 290 214 357 rites,
227 308 271 346 res
291 295 404 345 nostrae
425 286 543 357 alentur,
556 286 734 344 sermonibus
755 295 891 360 crescent,
905 289 985 349 litte·

139 389 232 426 rarum
243 367 438 426 monumentis
447 367 651 425 inveterascent
662 374 691 423 et
701 366 984 429 corroborabuntur:

139 450 323 524 canulemque
331 448 408 505 diem
419 448 556 521 intelligo,
566 467 649 524 quam
663 467 744 523 spero
754 456 896 504 aeternam
905 450 982 523 fore,

138 536 323 605 propagatam
336 547 396 584 esse
410 528 485 585 etad
497 527 615 585 salutem
631 527 708 583 urbis
720 534 747 583 et
759 527 794 584 ad
808 530 982 587 memoriam

139 609 302 666 consulatus
323 608 388 676 mei,
407 627 521 684 unoque
541 615 670 683 tempore
691 608 721 663 in
743 607 795 664 hac
816 609 983 684 republica

139 689 211 746 duos
221 689 296 745 cives
310 688 459 757 exstitisse,
472 707 592 764 quorum
604 687 675 744 alter
685 687 755 744 lines
766 688 851 744 vestri
863 689 981 766 imperii

138 788 196 825 non
211 777 308 839 terrae,
322 768 372 824 sed
383 767 452 824 caeli
463 766 627 842 regionibus
641 768 813 838 terminaret,
824 766 895 824 alter
906 769 982 827 eius⁴

138 848 203 905 dem
219 848 331 924 imperii
343 846 521 904 domicilium
533 846 668 923 sedesque
680 854 808 904 servaret.
845 847 914 905 XII.
929 848 978 908 27.

138 927 195 984 Sed
213 929 348 1004 qnoniam
366 946 462 984 earum
480 945 581 995 rerum,
598 946 667 1003 quas
687 946 741 1002 ego
757 927 840 1002 gessi,
856 946 916 984 non
933 947 979 986 ea·

138 1007 203 1064 dem
219 1015 262 1064 θεῖ
272 1007 390 1064 fortuna
402 1014 487 1084 atque
502 1006 633 1063 condicio
648 1025 719 1083 quae
734 1007 855 1077 illorum,
867 1008 916 1084 qui
932 1026 979 1065 ex·

138 1094 219 1144 terna
234 1086 308 1144 bella
328 1094 483 1161 gesserunt,
496 1087 575 1163 quod
591 1086 662 1142 milri
684 1106 749 1142 curn
769 1087 804 1143 iis
820 1087 977 1145 vivendum

138 1174 189 1239 est,
203 1187 274 1244 quos
285 1167 339 1224 vici
353 1186 385 1224 ac
400 1166 507 1243 subegI,
520 1167 567 1224 isti
578 1166 674 1223 hostes
685 1173 734 1222 aut
749 1166 915 1224 interfectos
926 1175 979 1226 aut

139 1268 288 1325 oppressos
302 1247 483 1324 reliquerunt,
493 1254 617 1304 vestrum
633 1255 683 1316 est,
694 1246 826 1317 Quirites,
837 1247 861 1302 si
875 1248 978 1304 ceteris

138 1329 214 1386 faeta
231 1349 281 1386 sua
297 1335 373 1385 reete
389 1334 517 1403 prosunt,
530 1326 602 1382 mihi
619 1346 682 1382 mea
699 1345 734 1382 ne
749 1327 864 1402 quando
879 1327 976 1385 obsint

138 1409 294 1485 providere.
337 1407 447 1465 Montes
464 1408 541 1465 enim
555 1406 705 1463 hominum
720 1405 976 1464 audacissimorum

138 1489 286 1546 sceleratae
307 1507 339 1545 ac
360 1488 484 1545 nefariae
504 1507 540 1545 ne
561 1487 642 1543 vobis
663 1505 764 1543 nocere
783 1494 900 1562 possent
920 1507 976 1565 ege

137 1569 266 1645 providi:
295 1588 331 1626 ne
354 1568 427 1625 milri
451 1575 573 1625 noceant
597 1574 721 1624 vestrum
749 1574 792 1623 cst
816 1567 974 1642 providere

137 1649 325 1727 Quamquam,
337 1647 469 1718 Quirites,
481 1648 553 1705 mihi
569 1647 684 1725 quidem
700 1647 755 1722 ipsi
769 1646 841 1702 nihil
859 1647 894 1703 ab
912 1647 976 1705 istis

96 1792 98 1796 ,
137 1731 194 1787 iam
208 1730 304 1787 noceri
315 1736 418 1805 potest.
455 1729 592 1804 Magnum
607 1727 683 1784 enim
698 1734 741 1784 est
755 1727 785 1783 in
799 1726 883 1783 bonis
897 1731 978 1803 prae-⁸

138 1811 250 1881 sidium,
269 1809 347 1887 qued
367 1809 440 1865 mihi
461 1809 490 1863 in
512 1815 681 1883 perpetuum
704 1815 900 1883 comparatum
922 1815 975 1880 est,

137 1908 241 1964 magna
255 1891 284 1945 in
299 1908 329 1946 re
343 1887 458 1964 publica
472 1886 603 1961 dignitas,
617 1906 688 1963 quae
705 1907 752 1944 me
766 1907 878 1964 semper
888 1887 976 1945 tacita

137 1968 281 2037 defendet,
303 1986 408 2043 magna
431 1966 474 2022 vis
495 1965 691 2036 conscientiae,
711 1986 796 2043 quam
817 1967 865 2043 qui
886 1965 976 2044 negli-

136 2054 217 2124 gunt,
238 2066 303 2103 curn
330 2066 377 2103 me
401 2045 505 2103 violare
533 2044 637 2117 volent,
657 2065 687 2103 se
714 2047 770 2122 ipsi
797 2046 973 2105 indicabunt

138 2134 183 2184 28.
203 2127 255 2183 Est
272 2127 358 2184 etiarn
375 2126 404 2182 in
421 2125 505 2183 nobis
525 2125 550 2181 is
570 2126 690 2197 ammae,
709 2125 843 2198 Quirites,
861 2133 894 2183 ut
914 2144 974 2184 non

137 2207 224 2264 modo
236 2206 340 2263 nullius
354 2206 486 2262 audaciae
501 2205 641 2278 cedamus
654 2207 801 2264 sedetiam
814 2225 912 2264 omnes
922 2206 976 2263 irn-

137 2287 242 2364 probes
256 2286 330 2344 ultro
345 2305 456 2362 semper
469 2285 644 2343 lacessamus
682 2285 766 2354 Quod
778 2287 802 2342 si
816 2287 909 2343 omnis
923 2287 976 2343 im-

137 2374 220 2444 petus
234 2366 456 2424 domesticorum
469 2364 605 2437 hostium,
618 2366 753 2443 depulsus
767 2386 784 2423 a
796 2367 886 2436 vobis,
900 2387 928 2423 se
942 2367 972 2424 in

136 2468 183 2505 me
204 2467 293 2504 unum
314 2447 491 2518 converterit,
504 2446 585 2504 vobis
606 2448 659 2504 erit
676 2447 893 2524 providendum,
906 2445 974 2514 Qui·

136 2528 211 2598 rites,
225 2546 281 2603 qna
297 2526 463 2584 condicione
480 2527 600 2603 posthae
621 2546 669 2584 eos
690 2546 750 2584 esse
764 2526 864 2597 velitis,
878 2525 927 2603 qui
943 2542 974 2584 se

136 2626 189 2682 pro
203 2607 292 2663 salute
303 2613 395 2663 vestra
408 2606 564 2664 obtulerint
574 2605 697 2663 Invidiae
711 2607 899 2684 periculisque
914 2625 974 2662 orn·

136 2687 237 2743 nibus:
259 2685 330 2742 mihi
346 2686 462 2762 quidem
476 2687 531 2763 ipsi
547 2686 673 2763 quidest
690 2687 836 2762 quodiam
850 2686 973 2744 advitae

137 2766 263 2822 fructum
277 2767 368 2842 possit
381 2766 501 2842 adquiri,
514 2785 578 2822 cum
594 2766 758 2841 praesertim
773 2784 865 2843 neque
879 2767 909 2823 in
923 2766 974 2823 ho-

137 2864 205 2902 nore
216 2852 309 2903 vestro
320 2865 412 2922 neque
423 2846 453 2901 in
464 2845 555 2921 gloria
565 2845 678 2901 virtutis
693 2845 848 2922 quidquam
860 2844 972 2902 videam

136 2925 304 3002 altiusque
329 2925 401 2982 mihi
425 2925 513 2981 libeat
536 2924 704 2981 ascenderet
746 2931 791 2982 29.
811 2925 885 2982 Illud
909 2945 973 3001 pre

136 3004 213 3061 fecte
231 3005 384 3082 perficiam,
397 3004 529 3074 Quirites,
541 3010 574 3060 ut
590 3023 630 3074 ea,
644 3023 714 3080 quae
736 3006 809 3080 gessi
826 3006 855 3061 in
874 3024 973 3062 consu-

135 3083 204 3156 latu,
216 3086 343 3161 privatus
360 3091 440 3141 tuear
456 3091 542 3160 atque
559 3102 666 3154 ornem,
679 3091 719 3154 ut,
732 3085 755 3140 si
774 3104 829 3161 qua
846 3093 889 3142 est
902 3085 974 3141 invi-

137 3162 184 3221 dia
200 3163 393 3223 conservanda
409 3183 438 3220 rc
455 3162 569 3238 publiea
589 3170 727 3240 suscepta,
740 3164 833 3221 laedat
850 3165 972 3235 invidos,
