1988 3480
92 130 138 178 196
289 128 358 177 1)Βο
374 128 406 189 Q.
423 126 729 183 L1Gn1t100RAT10.

90 232 171 289 aliter
179 237 273 288 vestro
284 231 388 307 generi,
397 229 516 301 nomini,
525 229 658 299 familiae,
668 229 849 306 disciplinae.
884 233 943 292 Sed

90 312 144 368 hec
162 330 219 367 non
237 310 371 380 concedo,
383 317 424 380 ut,
437 309 540 387 quibus
556 309 639 366 rebus
659 309 826 386 gloriemini
844 313 878 369 in
895 334 944 372 vo·

90 391 142 461 bis,
151 391 263 448 easdem
277 391 304 446 in
317 390 379 446 aliis
388 390 608 467 reprehendatis.
642 395 687 446 21.
699 389 867 449 Tuberonis
879 413 941 451 sors

90 471 219 528 coniecta
235 479 278 528 est
292 490 325 527 ex
340 478 454 526 senatus
470 469 609 539 consulto,
620 489 685 526 cum
700 470 760 547 ipse
780 489 842 528 nou
860 474 941 532 ades·

91 558 141 621 set,
158 550 258 607 morbo
280 551 365 607 etiam
388 550 580 627 impediretur.
624 549 767 607 Statuerat
790 570 939 612 excusare.

90 630 170 688 Haeo
192 650 246 707 ego
267 632 334 687 novi
355 637 473 707 propter
493 648 592 686 omncs
612 630 846 701 necessitudines,
865 653 941 710 quae

91 711 162 768 mihi
184 718 250 768 sunt
267 730 332 767 cum
349 710 380 767 L.
391 709 557 767 Tuberone:
579 709 659 766 dorni
678 729 735 767 una
754 712 873 783 eruditi,
887 714 939 771 mi-

90 791 168 848 litiae
189 791 412 860 contubernales,
430 797 497 866 post
518 789 681 860 adducam
706 791 785 847 omni
809 791 940 871 denique

90 872 150 927 vita
168 870 337 927 familiares:
364 889 500 946 maguum
518 870 605 927 etiam
623 870 776 941 vinculum,
793 873 877 948 quod
892 875 939 930 iis·

91 950 157 1006 dem
172 950 274 1007 studiis
288 970 400 1027 semper
413 951 457 1007 usi
472 969 577 1007 sumus,
620 949 686 1006 Scio
703 951 793 1025 igitur
807 950 938 1011 Tubero

90 1049 156 1086 nem
174 1029 253 1085 domi
270 1049 384 1087 manere
401 1030 539 1087 voluisse:
561 1029 612 1086 sed
628 1030 670 1087 ita
687 1029 804 1106 quidam
819 1033 937 1108 agebat,

90 1109 132 1166 ita
148 1110 187 1166 rei
204 1109 334 1187 publicae
354 1111 562 1167 sanctissimum
580 1131 686 1168 nomen
703 1111 880 1189 opponebat,
894 1121 938 1184 ut,

91 1190 176 1247 etiam
189 1190 212 1246 si
224 1190 305 1247 aliter
315 1191 440 1260 sentiret,
451 1189 602 1247 verborum
610 1197 708 1248 tamen
718 1191 849 1269 ipsomm
863 1214 938 1271 pon·

91 1270 145 1327 dus
159 1271 296 1327 sustinere
310 1290 367 1327 non
382 1277 486 1347 posset.
524 1277 569 1328 22.
587 1270 680 1328 Cessit
694 1271 861 1330 auctoritati
876 1294 937 1331 arn-

90 1351 211 1427 plissimi
234 1351 287 1407 viri
308 1351 351 1407 vel
372 1350 468 1427 potius
490 1350 592 1428 paruit.
635 1350 703 1409 Una
724 1358 767 1409 est
783 1352 939 1427 profectus

91 1450 156 1487 cum
175 1431 217 1500 iis,
231 1450 351 1507 quorum
369 1437 428 1487 erat
444 1449 502 1487 una
522 1449 622 1488 causa:
643 1431 754 1502 tardius
770 1432 825 1488 iter
841 1432 937 1492 feeit:

91 1510 187 1587 itaque
208 1511 238 1567 in
255 1510 385 1567 Afrieam
403 1511 481 1567 venit
501 1511 558 1567 iam
580 1518 757 1588 occupatam.
800 1511 881 1570 Hine
904 1515 936 1570 in

91 1590 236 1666 Ligarium
253 1591 360 1647 crimen
378 1591 468 1646 oritur
481 1590 525 1646 vel
539 1591 582 1647 ira
597 1592 703 1668 potius.
745 1590 820 1647 Nam
839 1591 864 1648 si
882 1595 937 1650 eri-

90 1690 156 1728 men
178 1678 221 1728 est
237 1670 318 1726 illum
335 1667 464 1740 voluisse,
477 1689 535 1726 non
552 1671 647 1728 minus
664 1691 801 1749 magnum
819 1679 864 1730 est
881 1693 938 1732 vos

89 1749 229 1820 Africam,
240 1769 332 1806 arcem
344 1750 473 1806 emnium
487 1751 706 1826 provinciarum,
719 1758 814 1808 natam
826 1751 864 1808 ad
874 1751 936 1810 bel·

89 1830 149 1887 lum
167 1838 267 1887 contra
279 1829 353 1886 hane
369 1829 468 1886 urbem
483 1830 652 1906 gerundum,
665 1831 793 1889 obtinere
807 1831 936 1893 voluisse

90 1929 175 1986 quam
194 1911 318 1986 aliquem
336 1929 365 1966 se
381 1909 521 1966 maluisse.
557 1909 656 1986 Atque
673 1911 697 1967 is
713 1917 810 1968 tamen
827 1912 936 1989 aliquis

90 1989 220 2064 Ligarius
237 2009 296 2045 non
313 1989 378 2045 fuit.
415 1988 509 2046 Varus
524 1989 676 2065 imperium
691 2010 720 2047 se
737 1990 841 2049 habere
856 1993 935 2050 diee-

89 2063 154 2126 bat:
177 2070 268 2126 fasces
289 2076 364 2125 certe
385 2068 516 2126 habebat.
561 2074 606 2125 23.
626 2068 683 2126 Sed
704 2089 819 2148 quoquo
841 2073 933 2131 modo

90 2169 119 2206 se
133 2149 204 2206 illud
220 2148 314 2220 habet,
328 2148 396 2205 haee
414 2148 537 2226 querella
553 2156 653 2221 vestra,
666 2150 786 2222 Tubero,
800 2151 871 2228 quid
885 2173 935 2210 va-

90 2228 146 2285 lett
187 2229 306 2306 Recepti
327 2229 356 2285 in
378 2229 554 2306 provinciam
575 2249 634 2287 non
656 2250 760 2288 sumus.
803 2230 889 2303 Quid,
906 2234 933 2290 si

89 2309 205 2366 essetisl
247 2309 395 2366 Caesarine
410 2329 471 2366 earn
487 2310 620 2367 tradituri
634 2311 760 2368 fuissetis
776 2329 812 2368 an
829 2319 934 2370 eontra

90 2387 238 2446 Caesarem
253 2391 408 2447 retenturi?
449 2389 532 2447 VIII.
543 2389 619 2447 Vide
631 2391 701 2467 quid
711 2391 849 2462 licentiae,
861 2390 933 2448 (lae-

90 2487 142 2539 sar,
154 2469 237 2525 nobis
251 2476 300 2526 tua
313 2470 465 2527 liberalitas
479 2470 530 2528 det
544 2471 588 2527 vel
602 2471 699 2548 potius
713 2471 853 2528 audaciae.
897 2470 932 2529 Si

89 2549 267 2625 responderit
282 2549 403 2619 Tuber0,
416 2551 555 2622 Africam,
569 2571 626 2628 quo
644 2559 757 2608 senatus
775 2569 839 2608 eum
857 2570 932 2607 sors—

90 2647 144 2703 que
159 2629 281 2696 miserat,
293 2628 346 2685 tibi
358 2639 467 2706 patrem
484 2651 566 2688 suum
578 2632 749 2688 traditurum
760 2630 857 2700 fuisse,
870 2649 930 2687 non

90 2707 228 2764 dubitabo
249 2708 326 2784 apud
343 2710 437 2785 ipsum
455 2716 491 2779 te,
505 2711 585 2766 ouius
602 2711 632 2768 id
649 2731 714 2768 eum
732 2711 825 2768 faeere
843 2709 940 2767 iuter·

90 2787 154 2857 fuit,
167 2788 341 2862 gravissimis
359 2788 450 2844 verbis
468 2789 527 2845 eius
545 2791 695 2847 consilium
712 2790 929 2869 reprehendere.

91 2866 156 2923 Non
178 2868 264 2938 enim,
280 2869 303 2925 si
324 2867 377 2924 tibi
399 2887 431 2923 ea
451 2886 495 2924 res
519 2877 600 2944 grata
620 2871 730 2940 fuisset,
746 2877 819 2928 esset
840 2871 929 2928 etiam

90 2948 216 3022 probata.
261 2953 306 3003 24.
324 2946 380 3002 Sed
399 2947 455 3003 ianr
477 2947 531 3004 hoc
553 2956 647 3005 totum
666 2952 778 3021 omitto,
791 2969 849 3007 non
867 2957 929 3007 tam

91 3035 206 3101 propter·
227 3028 317 3093 idne
338 3026 480 3082 offendam
504 3034 567 3084 tuas
592 3030 814 3105 patientissimas
837 3049 928 3102 aures,

91 3123 175 3178 quam
193 3125 228 3161 no
245 3105 358 3161 Tubero
373 3107 450 3182 quod
467 3127 624 3185 numquam
644 3111 780 3185 cogitavit
799 3111 929 3168 facturus

79 3183 172 3240 rlrr'sse
192 3184 327 3245 rideatur.
374 3186 547 3247 Veniebatis
563 3189 654 3264 igitur
672 3189 708 3242 'm
727 3188 938 3256 bilinamque
