1988 3480
331 109 410 160 car.
425 111 552 172 v.-v11.,
569 110 583 170 a
600 113 687 160 ra-m.
914 115 926 164 r

93 210 160 287 VH.
198 210 243 270 17.
262 211 306 269 Ac
328 232 364 269 ne
385 210 458 270 illud
482 212 598 290 quidem
620 212 701 270 vohis
725 202 929 290 negligendum

93 291 242 369 estquod
269 292 342 349 mihi
366 312 419 370 ego
448 299 606 350 extremum
630 309 843 369 proposueram,
863 314 928 352 cum

93 392 182 429 essem
199 373 235 429 de
254 371 322 429 belli
341 390 444 450 genere
465 373 600 444 dicturus,
617 372 694 449 quod
715 373 752 429 ad
772 375 928 431 multomm

91 451 168 510 bona
181 453 286 510 civium
297 452 492 509 Romanorum
507 453 638 528 pertinet,
650 471 770 528 quorum
782 452 863 510 vobis
875 474 928 530 pro

65 605 70 610 ι
92 540 184 589 vestra
204 532 350 609 sapientia,
363 531 495 602 Quirites,
510 531 641 588 habenda
660 539 703 588 cst
720 533 793 589 ratic
810 530 929 609 diligen-

92 618 142 669 ter.
185 612 260 669 Nam
274 619 303 669 et
315 611 470 688 publicani,
483 610 614 667 homines
631 610 825 668 honestissimi
842 619 927 689 atque

93 693 272 762 amatissimi,
288 711 352 748 suas
369 691 493 747 rationes
514 697 542 747 ct
559 691 656 766 copias
673 691 702 746 in
720 691 797 748 illam
815 693 928 767 provin-

93 771 165 828 ciam
179 772 367 842 contulerunt,
383 790 505 846 quorum
519 770 647 846 ipsorum
661 789 713 846 per
727 790 755 827 se
770 790 813 827 res
828 778 857 828 et
870 773 928 828 for-

92 857 177 908 tunae
191 851 271 909 vobis
286 870 367 908 curae
385 870 443 908 esse
458 849 571 907 debent.
610 850 725 906 Etenim
741 850 763 906 si
779 851 928 927 vectigalia

91 949 192 988 nervos
208 951 267 988 esse
284 931 324 988 rei
340 930 470 1007 publicae
487 949 599 1006 semper
615 930 757 1001 duximus
769 950 835 987 eum
852 939 926 990 certe

15 1048 18 1055 -
92 1011 228 1081 ordinem,
241 1010 291 1087 qui
301 1017 411 1068 exercet
425 1010 480 1080 illa,
491 1009 703 1066 firmamentum
715 1017 872 1067 ceterorum
884 1031 926 1068 or-

91 1089 190 1146 dinum
212 1097 287 1147 recte
309 1110 368 1147 essc
390 1091 523 1147 dicemus.
569 1095 613 1146 18.
633 1089 746 1146 Deinde
769 1110 803 1147 ex
825 1091 926 1148 ceteris

91 1169 237 1227 ordinibus
250 1169 382 1226 homines
397 1170 483 1245 gnavi
498 1176 583 1246 atquc
598 1169 732 1226 industrii
748 1170 852 1246 partim
870 1171 925 1246 ipsi

89 1249 119 1304 in
134 1248 203 1307 Asia
216 1250 406 1326 negotiantur,
420 1249 522 1326 quibus
537 1269 587 1306 vos
601 1248 766 1306 absentibus
780 1249 925 1307 consulere

89 1328 206 1399 debetis
216 1330 320 1406 partim
336 1348 434 1385 corum
449 1329 478 1385 in
493 1349 526 1386 ea
539 1329 687 1405 provincia
700 1329 835 1404 pecunias
847 1348 925 1405 mag-

88 1427 138 1465 nas
159 1409 309 1466 collocatas
329 1408 443 1466 habent.
479 1408 531 1465 Est
552 1409 640 1485 igitur
661 1408 846 1465 humanitatis
867 1428 926 1465 ves-

88 1494 147 1544 trae
158 1507 295 1563 magnum
305 1507 455 1544 numerum
467 1507 565 1544 eorum
573 1488 681 1545 'civium
693 1488 852 1545 calamitate
861 1508 925 1564 pro·

87 1565 194 1637 hibere,
207 1567 361 1643 sapientiae
376 1567 470 1622 videre
487 1567 643 1622 multorum
661 1568 765 1623 civium
783 1567 925 1624 calamita-

88 1652 148 1702 tem
163 1665 180 1702 a
193 1665 222 1702 rc
236 1645 350 1721 publica
364 1645 521 1701 seiunctam
536 1664 666 1702 essenon
680 1665 772 1722 posse.
808 1646 924 1703 Etenim

87 1726 213 1801 primum
224 1725 294 1781 illud
304 1725 384 1801 parvi
398 1724 493 1795 refert,
503 1744 556 1782 nos
570 1724 728 1801 publicanis
742 1725 853 1781 amissis
864 1745 925 1782 vec-

86 1804 185 1880 tigalia
194 1812 294 1881 postca
304 1804 422 1861 victoria
433 1823 610 1880 recuperare:
630 1824 721 1881 neque
733 1805 809 1862 eninr
821 1805 923 1862 iisdem

85 1883 244 1941 redimendi
265 1884 386 1942 facultas
407 1884 461 1941 erit
481 1891 598 1960 propter
619 1884 810 1942 calamitatem
831 1905 923 1962 neque
952 1885 955 1891 ⁴

85 1963 147 2020 aliis
167 1964 299 2021 voluutas
322 1971 440 2041 propter
459 1964 601 2021 timorem.
645 1970 690 2021 19.
708 1964 822 2022 Deinde
845 1967 923 2042 quod

85 2062 137 2100 nos
158 2044 256 2100 eadem
275 2043 345 2100 Asia
361 2051 446 2121 atque
467 2043 544 2100 idem
565 2044 619 2100 iste
640 2043 821 2102 Mithridates
838 2045 922 2103 initio

84 2121 152 2179 belli
162 2122 282 2180 Asiatici
294 2124 400 2193 docuit,
413 2123 444 2179 id
456 2123 571 2200 quidem
583 2131 658 2181 certe
671 2124 831 2182 calamitate
843 2125 922 2182 docti

83 2203 221 2260 memoria
235 2204 355 2271 retinere
370 2203 513 2260 debemus.
554 2203 629 2259 Nam
643 2210 714 2275 tum,
727 2224 792 2261 cum
807 2205 837 2261 in
851 2204 922 2262 Asia

84 2301 128 2339 res
144 2294 262 2358 magnas
278 2282 413 2358 permulti
430 2277 590 2354 amiserant,
603 2283 708 2340 scimus
722 2284 831 2342 Romae
848 2284 922 2341 solu-

83 2362 162 2418 tione
177 2362 315 2437 impedita
329 2362 415 2418 fidem
430 2363 594 2420 concidisse.
631 2363 698 2420 Non
713 2364 790 2421 enim
800 2371 921 2440 possunt

83 2461 140 2497 una
160 2442 189 2498 in
211 2442 325 2507 ciuitate
346 2441 430 2498 multi
451 2461 510 2498 rem
531 2461 564 2498 ac
583 2442 713 2500 fortunas
733 2444 920 2513 amitterent

83 2539 141 2576 non
158 2521 253 2597 plures
270 2541 365 2578 secum
387 2522 417 2578 in
438 2517 566 2578 eamdem
588 2522 703 2578 trahant
720 2522 917 2580 calamitatem.

83 2598 112 2654 A
126 2620 182 2676 quo
196 2600 323 2677 periculo
337 2599 487 2677 prohibete
502 2621 560 2657 rom
575 2601 719 2676 publicam
734 2610 763 2658 et
776 2602 849 2659 mihi
863 2622 920 2660 cre-

84 2678 151 2749 dite,
163 2680 194 2736 id
208 2681 285 2756 quod
297 2681 351 2756 ipsi
362 2681 481 2738 videtis:
499 2679 568 2738 hacc
579 2680 650 2737 fides
664 2688 749 2757 atque
762 2681 831 2739 haec
845 2682 918 2739 ratio

83 2759 276 2833 pecuniarum,
289 2779 360 2836 quae
375 2760 491 2831 Romae,
505 2780 576 2837 quae
593 2760 623 2817 in
640 2761 705 2817 foro
723 2768 855 2833 versatur,
868 2762 919 2818 im-

83 2835 189 2912 plicata
209 2845 251 2895 est
268 2857 334 2895 cnm
350 2838 406 2895 illis
422 2840 550 2915 pecuniis
566 2840 701 2896 Asiaticis
722 2847 751 2897 et
768 2841 916 2898 cohaeret:

82 2935 162 2972 ruere
179 2915 227 2972 illa
243 2936 300 2974 nou
317 2925 445 2995 possunt,
458 2925 490 2975 ut
504 2918 573 2976 haec
590 2939 648 2975 non
663 2920 764 2976 eodem
779 2920 918 2977 labefacta

82 3000 164 3052 motu
185 2995 343 3055 concidant.
386 2997 499 3066 Quare
519 2999 614 3056 videte
636 3018 706 3055 num
727 2999 917 3056 dubitandum
958 3047 961 3053 .

82 3075 163 3132 vobis
178 3075 215 3132 sit
230 3076 308 3133 omni
323 3077 418 3134 studio
426 3077 466 3139 ,ad
477 3077 507 3134 id
517 3077 623 3134 bellum
635 3078 807 3147 incumbere,
818 3079 848 3135 in
859 3098 918 3150 cruc

81 3154 172 3229 gloria
181 3155 308 3212 nominis
318 3157 415 3230 vestri,
425 3157 504 3216 salus
513 3151 944 3227 sessorumases‘reosxmssx·
