1988 3480
297 124 375 174 car.
393 123 522 184 x.-xn.,
538 121 552 182 s
570 123 659 171 11-30,
853 125 900 172 aa

57 225 158 304 pepuli
174 224 299 282 Romani
315 224 400 281 unius
416 223 559 282 amicitiae
575 227 741 301 praeposuit
756 225 901 302 depulsor-

58 326 113 382 que
131 305 296 364 dominatus
312 323 397 381 quam
415 305 558 381 particeps
575 323 635 362 csse
652 305 761 363 maluit.
804 305 852 361 An
867 304 907 362 L.·

58 385 159 443 Tillius
174 384 290 441 Cimber
306 404 352 441 me
369 391 413 442 est
428 391 574 442 auctorem
591 386 722 442 secutus?
744 404 828 461 quem
846 404 900 462 ego

58 465 151 541 magis
165 464 265 521 fecisse
280 464 358 521 illam
375 484 436 521 rem
453 483 517 520 sum
533 464 689 521 admiratus
707 484 793 541 quam
809 465 902 522 factu-

59 564 123 601 rum
140 544 248 623 putavi,
260 544 417 601 admiratus
437 551 535 601 autem
552 543 590 600 ob
607 563 670 601 eam
687 563 809 614 cansam,
823 544 901 620 quod
968 605 970 610 ,

59 623 212 682 immemor
221 623 433 694 beneficiorum,
443 642 555 680 memor
564 624 673 701 patriae
683 624 793 681 fuisset.
824 623 901 692 Quid

60 704 133 761 dnos
156 703 307 762 Servilios?
348 703 451 761 Cascas
475 703 570 760 dicam
592 723 629 761 an
651 703 777 761 Ahalas?
798 712 826 760 et
847 702 901 760 hos

59 784 229 842 auctoritate
243 803 307 841 mea
320 803 418 841 censes
429 784 568 842 excitatos
578 784 676 861 potius
687 803 772 860 quam
784 784 901 841 caritate

60 864 101 921 rei
121 864 270 941 publicael
310 863 444 942 Longum
466 871 509 922 est
529 865 661 942 persequi
682 872 799 935 ceteros,
814 864 901 940 idque

60 944 101 1001 rei
117 944 248 1021 publicae
264 945 448 1023 praeclarum,
460 945 549 1003 fuisse
565 952 626 1002 tam
642 944 744 1016 multu,
756 944 826 1023 ipsis
842 945 902 1022 glo·

60 1043 176 1084 riosnm.

101 1104 169 1164 XII.
201 1110 248 1162 28.
260 1103 303 1162 At
319 1124 405 1182 quem
422 1104 595 1162 admodum
612 1123 659 1161 me
675 1105 836 1181 coarguerit
851 1103 902 1160 ho·

60 1204 109 1241 mo
125 1192 226 1243 acutus
246 1185 443 1242 recordamini.
483 1185 603 1242 Caesare
623 1185 785 1254 interfecto,
798 1184 899 1260 inquit,

60 1265 158 1322 statim
173 1272 323 1323 cruentum
340 1265 396 1322 alte
410 1265 549 1321 extollens
562 1264 671 1320 Brutus
684 1264 841 1341 pugionem
857 1264 903 1319 Ci-

61 1364 193 1403 ceronem
205 1345 376 1401 nominatim
391 1344 559 1401 exclamavit
570 1350 655 1420 atque
667 1345 692 1400 ei
706 1350 901 1420 recuperatam

61 1423 223 1480 libertatem
246 1432 289 1480 est
313 1423 478 1500 gratulatus.
521 1422 580 1481 Cur
603 1423 676 1480 mihi
700 1424 902 1500 potissimuml

63 1504 130 1579 quia
144 1502 267 1560 sciebam
279 1504 288 1560 l
329 1503 406 1560 Vide
423 1522 458 1560 ne
475 1503 524 1560 illa
540 1522 624 1560 causa
638 1503 725 1560 fuerit
738 1503 902 1580 appellandi

62 1583 128 1653 mei,
141 1582 228 1659 quod,
240 1601 306 1639 cum
327 1602 387 1639 rem
408 1584 542 1659 gessisset
556 1583 732 1640 consimilem
755 1583 839 1641 rebus
857 1584 900 1653 iis,

63 1681 134 1739 quas
154 1663 216 1739 ipse
236 1681 385 1738 gesseram,
401 1681 447 1719 me
468 1663 650 1738 potissimum
671 1670 792 1720 testatus
812 1671 901 1721 estse

15 1763 17 1766 ’
63 1741 207 1799 aemulum
218 1742 647 1800 mearumlaudiumexstitisse.
681 1749 727 1800 29.
740 1743 785 1800 Tu
796 1750 900 1814 autem,

64 1823 193 1881 omnium
218 1822 394 1892 stultissime,
410 1841 468 1879 non
492 1822 636 1899 intelligis,
652 1823 684 1893 si,
700 1822 730 1878 id
753 1823 831 1900 quod
855 1842 902 1880 me

63 1902 167 1979 arguis,
179 1902 301 1959 voluisse
321 1901 443 1960 interfici
460 1901 609 1959 Caesarem
630 1903 738 1959 crimen
757 1903 803 1974 sit,
815 1903 902 1960 etiam

63 1981 199 2040 laetatum
224 2001 284 2039 csse
308 1988 401 2040 morte
422 1981 550 2039 Caesaris
573 1983 681 2039 crimen
706 1984 785 2040 esse?
826 1982 903 2051 Quid

63 2062 140 2119 enim
161 2062 278 2119 interest
298 2062 373 2119 inter
394 2081 537 2119 suasorem
559 2062 629 2120 facti
651 2069 680 2119 et
701 2063 903 2139 probatorem?

63 2148 113 2198 a'ut
134 2142 205 2218 quid
226 2142 314 2199 refert
334 2149 430 2199 utrum
453 2143 591 2199 voluerim
616 2141 677 2199 fieri
701 2162 738 2199 an
761 2143 902 2219 gaudeam

64 2221 192 2278 factum?
232 2221 339 2297 Ecquis
363 2229 406 2278 est
430 2222 518 2298 igitur
542 2222 667 2298 exeeptis
688 2223 731 2293 iis,
748 2224 798 2299 qui
822 2222 902 2279 illum

64 2319 181 2375 regnare
203 2301 374 2375 gaudebant,
391 2301 439 2377 qui
464 2300 535 2357 illud
559 2309 608 2358 aut
628 2301 690 2357 fieri
710 2302 833 2358 noluerit
854 2308 918 2358 aut·

65 2379 175 2436 factum
190 2379 376 2456 improbarit?
410 2379 517 2437 Omnes
532 2400 600 2455 ergo
614 2380 645 2436 in
661 2380 752 2457 culpa
788 2380 903 2437 Etenim

66 2477 166 2516 omnes
179 2458 257 2529 boni,
271 2467 408 2536 quantum
423 2459 453 2515 in
470 2460 540 2536 ipsis
553 2460 619 2529 fuit,
630 2459 778 2517 Caesarem
796 2461 905 2517 occide-

66 2545 141 2595 runt
183 2538 257 2595 Aliis
272 2539 430 2609 consilinm,
443 2539 505 2596 aliis
522 2540 641 2610 animus,
654 2540 717 2597 aliis
733 2540 844 2597 occasio
859 2540 905 2596 de·
922 2555 926 2558 ’

66 2618 140 2675 fuit:
162 2618 293 2676 voluntas
314 2619 448 2677 nemini!
474 2626 520 2676 30.
539 2619 597 2676 Sed
613 2626 759 2697 stuporem
778 2619 905 2676 hominis

67 2698 111 2754 vel
133 2698 225 2754 dicam
247 2698 365 2776 pecudis
387 2700 534 2757 attendite.
577 2699 624 2756 Sic
648 2700 724 2756 enim
745 2699 835 2756 dixit:
859 2699 902 2755 M.

68 2777 189 2847 Brutus,
205 2797 287 2850 quem
308 2798 356 2850 egro
377 2779 491 2835 honoria
512 2798 598 2835 causa
618 2780 740 2848 nornine,
756 2786 904 2835 cruentum

69 2858 224 2930 pupioaem
245 2866 336 2914 teneas
355 2858 511 2915 Ciceronem
532 2859 718 2914 acclamavit:
743 2859 906 2932 000110111-

69 2937 160 3009 tellipi
173 2937 327 2994 debetcum
341 2939 587 3012 consciumfuicra
631 2938 708 3014 Ergo
723 2958 777 3014 ego
792 2939 907 2996 scelera·

67 3026 115 3074 tus
135 3017 263 3093 appellor
282 3037 299 3074 a
319 3027 356 3087 te,
373 3037 456 3094 quem
474 3026 507 3074 tn
528 3018 701 3094 suspicatum
723 3019 832 3094 aliquid
849 3037 906 3074 sus-

68 3096 187 3174 picaris:
209 3097 265 3168 ille,
278 3097 328 3174 qui
349 3098 503 3155 stillantem
520 3117 587 3174 prae
608 3117 638 3154 se
656 3099 824 3174 pugionem
833 3097 924 3173 namt,

67 3177 93 3234 is
106 3183 162 3236 ate
171 3177 288 3236 honoris
303 3197 389 3238 causa
401 3179 592 3239 nominaturl
623 3177 726 3237 luston
745 3165 951 3252 sationem
