1988 3480
317 122 625 186 cnr.11.-1v.,§ao.
658 110 659 114 ’
719 176 721 180 ,
848 126 891 172 121

24 232 29 242 ’
55 233 135 304 patre
149 233 178 283 et
191 225 259 296 lilio,
271 245 289 282 a
301 225 332 282 L.
345 225 447 282 Crasso
464 224 618 296 colebatur,
630 224 765 282 Lucullos
781 244 848 283 vero
866 233 892 283 et

55 306 183 363 Drusum
197 312 225 362 et
236 304 371 363 Octavios
385 311 414 362 et
425 303 564 362 Catonem
579 311 608 362 et
622 310 713 362 totam
725 304 892 362 Hortensio-

54 405 119 442 rum
140 385 259 442 domum
279 384 441 441 devinctam
461 385 667 443 consuetudine
689 404 754 441 cum
775 392 892 456 teneret,

55 464 240 522 adficiebatur
264 483 376 521 summo
396 464 513 535 honore,
533 464 610 541 quod
631 484 697 522 eum
717 484 775 521 non
801 465 893 522 solum

56 544 188 602 colebant
210 545 258 620 qui
279 543 387 621 aliquid
407 544 552 621 percipere
576 551 662 621 atque
682 545 780 601 audire
801 545 893 602 stude·

55 624 134 695 bant,
147 643 244 679 verum
259 624 345 680 etiam
360 624 384 680 si
399 624 448 701 qui
461 623 537 681 forte
552 623 731 681 simulabant.
775 623 826 682 IV.
849 624 893 680 ln-

36 699 141 762 ‘serini
161 703 228 760 satis
247 700 334 780 lbirgo
355 702 511 774 intervallo,
527 722 593 760 cum
612 711 686 761 esset
705 723 770 760 cum
789 703 827 760 M.
840 703 893 760 Lu-

56 783 130 841 cullo
147 783 178 839 in
195 783 321 840 Siciliam
338 783 485 859 profectus
505 791 534 840 et
554 803 620 840 eum
641 803 675 841 01
696 803 729 840 ea
748 783 892 860 provincia

56 882 122 920 cum
152 862 254 919 eodem
281 861 400 920 Lucullo
427 862 584 934 decederet,
608 864 686 921 veuit
713 863 892 920 Heracliam:

57 962 129 1020 quae
149 961 215 998 eum
236 948 309 1000 esset
328 942 429 1000 civitas
448 943 620 1020 aequissimo
640 944 701 1001 iure
720 963 752 1000 ac
768 943 891 1012 foedere,

56 1022 158 1082 ascribi
178 1041 208 1078 se
228 1022 258 1079 in
280 1041 343 1079 eam
363 1022 508 1079 civitatem
525 1023 624 1094 voluit,
640 1024 734 1100 idque,
749 1041 815 1080 cum
832 1023 893 1098 ipse

51 1121 107 1179 >per
131 1121 160 1159 se
181 1101 285 1179 dignus
305 1109 461 1178 putaretur,
479 1110 542 1160 111111
563 1103 731 1160 auctoritate
752 1111 781 1160 et
801 1103 894 1179 gratia

56 1181 166 1240 Luculli
186 1181 222 1238 ab
239 1181 470 1239 Heracliensibus
490 1183 661 1259 impetravit.
706 1183 731 1239 7.
754 1182 831 1238 Data
851 1189 893 1238 est

56 1261 155 1318 civitas
172 1261 279 1318 Silvani
295 1261 358 1338 lege
378 1268 407 1319 et
424 1261 571 1332 Carbonis,
588 1281 615 1318 sr
635 1281 687 1324 our
707 1279 893 1318 nounuunrrs

57 1359 243 1398 crvrunrrnus
266 1360 402 1398 Ascurum
423 1359 581 1398 nurssuuu:
610 1360 638 1397 sr
659 1359 728 1410 ruu,
748 1359 810 1397 cun
836 1359 894 1396 unx

57 1439 241 1487 sucessuum,
260 1440 291 1477 ru
312 1420 416 1476 Iraura
439 1439 622 1477 nourcrnruu
647 1438 833 1477 uanurssuuu
858 1439 893 1476 11

58 1518 85 1556 sr
100 1518 272 1556 suxaoruua
286 1518 394 1556 Drusus
409 1518 488 1556 arun
504 1517 685 1556 Punnroanu
700 1517 810 1555 ussnur
825 1517 895 1556 ruo-

58 1597 148 1636 111001.
192 1578 267 1635 Cum
280 1579 327 1636 hie
342 1578 519 1635 domicilium
533 1578 643 1635 Romae
656 1579 763 1635 multos
776 1579 834 1635 iam
848 1597 895 1635 an-

57 1678 110 1715 nos
131 1657 257 1729 haberet,
275 1659 421 1735 professus
443 1664 486 1714 cst
510 1657 587 1734 apud
607 1665 765 1734 praetorem
788 1657 821 1725 Q
837 1657 895 1715 Me

57 1738 157 1797 tellum
172 1738 426 1795 familiarissimum
441 1756 531 1795 suum.
572 1743 596 1795 8.
616 1736 647 1794 si
661 1736 734 1794 nihil
748 1736 826 1794 aliud
840 1738 895 1794 nisi

58 1819 93 1876 (10
108 1819 223 1876 01111010
237 1837 269 1874 00
283 1818 347 1893 lege
361 1817 491 1887 (1101111110,
504 1816 576 1873 nihil
590 1817 654 1875 dico
669 1817 799 1894 amplius,
812 1836 896 1874 causa

57 1899 135 1956 dicta
158 1904 208 1956 est.
251 1897 329 1965 Quid
351 1897 427 1953 enim
452 1895 555 1953 horum
579 1896 724 1967 infirmari,
739 1897 828 1967 Grati,
846 1917 896 1973 po·

57 1980 131 2036 testl
181 1976 367 2036 Heracliacne
398 1995 457 2034 esse
487 1984 550 2034 tum
577 1977 733 2054 ascriptum
760 1976 895 2054 negabis?

56 2058 149 2116 Adest
163 2059 206 2115 vir
222 2077 334 2115 summa
350 2057 520 2115 auctoritate
536 2063 565 2114 et
582 2056 764 2133 religioneet
778 2055 842 2127 fide,
854 2057 893 2114 Μ.

57 2137 198 2209 Lucullus,
214 2138 264 2215 qui
280 2158 310 2195 se
327 2157 386 2195 non
404 2137 522 2214 opinari,
538 2137 588 2194 sed
605 2139 683 2207 scire,
699 2157 757 2194 non
774 2135 893 2207 audisse,

58 2218 108 2276 sed
121 2219 233 2288 vidisse,
244 2236 303 2275 non
317 2217 489 2288 interfuisse,
501 2216 551 2274 sed
565 2218 655 2294 egisse
666 2218 743 2274 dicit.
779 2216 896 2273 Adsunt

57 2297 254 2354 Heraclienses
264 2297 359 2373 legati,
370 2296 541 2355 nobilissimi
551 2296 691 2368 homines,
701 2297 786 2353 huius
796 2296 895 2353 iudicii

58 2396 142 2434 causa
155 2396 221 2433 cum
231 2377 374 2433 mandatis
389 2383 418 2433 01
431 2396 497 2433 cum
507 2376 623 2452 publico
638 2376 804 2432 testimonio
815 2395 897 2433 vene·

58 2463 132 2527 runt,
144 2456 193 2533 qui
207 2455 283 2512 huno
297 2456 452 2532 ascriptum
467 2455 680 2512 Heracliensem
695 2456 802 2512 dicunt.
838 2454 896 2512 Hic

59 2543 92 2592 tu
116 2535 226 2592 tabulas
250 2535 392 2592 desideras
416 2535 642 2592 Heracliensium
667 2534 803 2610 publicas,
827 2553 897 2610 quas

40 2614 160 2675 ,Italico
177 2614 252 2672 bello
269 2614 385 2672 incenso
402 2613 542 2672 tabulario
563 2613 692 2670 interisse
712 2613 818 2670 scimus
838 2633 897 2670 om-

59 2713 116 2750 ncs.
159 2693 212 2751 Est
231 2693 383 2752 ridiculum
403 2693 441 2751 ad
458 2713 498 2763 ea,
515 2712 586 2771 quae
605 2692 751 2764 habemus,
766 2693 839 2750 nihil
856 2693 897 2749 di-

59 2792 129 2844 cere,
143 2792 274 2849 quaerere
291 2792 363 2850 quae
379 2773 483 2831 habere
499 2792 557 2829 non
575 2791 734 2847 possumus,
750 2779 779 2830 ct
796 2773 831 2830 de
847 2772 897 2828 ho

59 2853 170 2909 minum
188 2853 327 2910 memoria
344 2860 445 2924 tacere,
457 2853 615 2909 litterarum
634 2852 803 2909 memoriam
819 2851 898 2927 fiagi-

60 2939 127 3002 tare,
141 2939 176 3003 et,
190 2951 254 2988 cum
268 2932 373 2990 habeas
389 2932 558 3008 amplissimi
571 2932 625 2988 viri
639 2931 815 3008 religionem,
827 2931 897 2987 inte-

59 3012 175 3089 gerrimi
195 3012 346 3088 municipii
366 3013 410 3069 ius
431 3011 582 3069 iurandum
603 3011 754 3088 fidemque,
769 3030 810 3082 ea,
826 3029 897 3087 quae

60 3091 207 3169 depravari
232 3090 311 3148 nullo
336 3091 424 3148 modo
447 3097 577 3169 possunt,
599 3090 756 3167 repudiare,
777 3089 904 3155 tabulas,

61 3190 130 3247 quas
147 3171 224 3228 idem
239 3170 310 3228 dicis
327 3170 417 3229 solere
434 3170 782 3249 corrumpudcsiderare.
820 3170 858 3216 Ἁ,
875 3162 925 3213 N*

216 3267 254 3319 10
