1988 3480
336 125 415 175 car.
431 126 464 186 1.,
480 124 526 187 ιι,
543 123 558 184 c
574 127 629 174 r-a.
856 129 904 176 roa

64 227 120 284 hoc
131 232 245 302 tempus
259 245 318 282 non
332 225 370 282 sit
380 225 518 283 auditum.
556 231 581 283 2.
592 225 706 284 Deinde
721 245 786 284 eum
797 246 902 304 regem,

66 323 151 385 quem·
168 324 267 362 ornare
288 312 372 362 antea
387 312 490 362 cuncto
508 324 573 362 cum
591 313 690 364 senatu
708 306 833 364 solebam
850 328 903 384 pro

65 387 210 464 perpetuis
224 385 284 442 eius
295 385 325 441 in
336 391 463 442 nostram
473 404 534 442 rem
544 385 687 462 publicam
699 387 816 459 meritis
827 406 903 446 nunc

64 473 165 524 contra
184 465 392 522 atrocissimum
414 465 520 522 crimen
540 485 628 542 cogor
646 465 806 524 defendere.
848 467 904 525 Ac-

64 546 141 603 cedit
155 552 188 603 ut
201 550 397 601 accusatorum
414 544 529 601 alterius
546 544 721 616 crudelitate,
734 546 849 603 alterins
862 547 904 604 in-

64 626 205 702 dignitate
222 624 381 682 conturber.
425 623 576 681 Crudelem
591 624 747 696 Castorem,
759 645 795 682 ne
810 626 901 685 dicam

63 705 230 762 sceleratum
245 711 274 762 et
284 705 414 781 impium,
426 704 475 782 qni
488 723 579 780 nepos
593 724 678 761 avum
692 705 722 761 in
737 706 838 782 capitis
849 706 904 763 dis-

63 785 171 857 crimen
186 785 337 842 adduxerit
351 779 614 862 adolesce‘ntiaeque
631 803 697 841 suae
711 791 847 842 terrorem
862 786 904 842 in-

62 865 161 922 tulerit
178 865 212 935 ei,
224 865 305 922 cuius
326 871 501 922 senectutem
520 865 593 921 tueri
613 871 642 921 et
658 871 754 942 tegere
771 864 901 937 debebat,

63 944 398 1023 commendationemque
408 944 534 1002 ineuntis
549 944 650 1002 aetatis
664 944 699 1001 ab
711 945 860 1021 impietate
874 952 902 1002 et

63 1024 99 1081 ab
116 1024 218 1082 scelere
235 1024 364 1082 duxerit:
386 1025 431 1081 avi
446 1043 566 1094 servum,
579 1031 745 1102 cormptum
759 1025 900 1101 praemiis,

62 1104 99 1160 ad
113 1104 302 1162 accusandum
319 1105 470 1162 dominum
484 1104 639 1181 impulerit,
651 1123 668 1161 a
681 1104 840 1181 legatorum
855 1124 903 1181 pe·
928 1129 931 1135 ¹

60 1183 146 1246 dibus
162 1183 320 1242 abduxerit.
363 1191 389 1242 3.
406 1185 533 1261 Fugitivi
546 1191 642 1242 autern
657 1184 808 1241 dominum
823 1203 902 1241 aocu.

60 1264 151 1320 santis
171 1270 200 1321 et
218 1264 369 1320 dominum
387 1264 533 1320 absentem
551 1272 580 1320 et
596 1263 747 1320 dominum
768 1264 902 1320 amicissi-

61 1362 141 1399 mum
169 1350 283 1400 nostrae
307 1337 502 1419 reipublicae
527 1362 592 1399 cum
617 1361 649 1398 os
673 1342 814 1412 videbam,
836 1361 902 1399 cum

62 1421 147 1478 verba
161 1422 320 1494 audiebam,
332 1428 462 1479 nontam
479 1421 622 1479 adflictam
637 1421 744 1498 regiam
759 1421 903 1479 condicio-

61 1519 128 1557 nem
150 1500 389 1578 dolebam-quam
410 1502 446 1558 da
466 1501 591 1558 fortunis
612 1500 812 1558 communibus
834 1502 902 1559 exti-

61 1580 230 1637 mescebam.
273 1580 349 1637 Nam
370 1600 435 1637 cum
452 1600 531 1637 more
551 1581 692 1637 maiorum
714 1581 750 1638 de
772 1600 852 1638 servo
871 1581 902 1638 in

60 1659 213 1716 dominum
229 1679 265 1716 ne
281 1660 432 1716 tormentis
450 1659 571 1738 quidem
584 1661 680 1737 quaeri
693 1660 785 1732 liceat,
797 1661 827 1716 in
846 1680 902 1737 qua

60 1739 228 1816 quaestione
249 1739 332 1796 dolor
352 1734 451 1796 elicere
468 1759 564 1796 veram
581 1759 680 1797 vocem
699 1741 793 1832 possit
814 1741 901 1798 etiam

60 1818 119 1875 ab
112 1819 211 1889 invite,
227 1826 342 1876 exortus
356 1825 398 1876 est
413 1838 509 1876 servus
524 1819 581 1896 qui,
595 1839 680 1896 quern
696 1821 727 1876 in
742 1820 838 1878 eculeo
853 1838 902 1913 ap

60 1898 165 1976 pellare
179 1918 238 1956 non
251 1905 356 1976 posset,
369 1919 434 1957 eum
449 1906 562 1957 accuset
576 1899 693 1958 solutus.

101 1978 138 2037 ΙΙ.-
170 1983 196 2036 4.
213 1978 366 2050 Perturbat
354 1979 484 2050 t.me,C
494 1979 604 2051 Caesar,
621 1980 707 2037 etiam
728 1979 800 2037 illud
815 1980 902 2038 inter·

60 2058 138 2129 dnm,
152 2059 230 2136 quod
245 2065 341 2117 tamen
361 2078 426 2116 cum
443 2066 473 2116 te
491 2060 607 2137 penitus
625 2061 786 2138 recognovi,
799 2061 901 2118 timere

59 2138 176 2196 desino:
198 2158 228 2196 re
248 2139 325 2196 enim
346 2139 478 2216 iniquum
500 2147 550 2210 est,
566 2139 617 2196 sed
636 2142 687 2197 tu'a
707 2141 847 2217 sapientia
867 2140 901 2198 fit
949 2150 951 2153 ’

57 2219 371 2294 aequissimum—nam
392 2219 485 2275 dicere
510 2218 587 2294 apud
612 2239 677 2277 eum
703 2221 739 2277 dc
762 2220 898 2290 facinore,

59 2306 160 2354 contra
173 2298 253 2354 cuius
264 2298 353 2354 vitam
368 2297 517 2354 consilium
529 2299 665 2355 facinoris
675 2299 761 2356 inisse
772 2318 898 2376 arguare,

60 2395 125 2433 curn
140 2396 192 2453 per
207 2395 236 2432 se
250 2377 345 2452 ipsum
361 2377 521 2434 consideres
523 2396 627 2454 ,grave
641 2384 700 2435 est:
721 2397 807 2435 nemo
822 2378 898 2434 enim

59 2455 120 2511 fere
137 2463 179 2512 est
194 2456 244 2532 qui
260 2475 304 2512 sur
296 2455 438 2533 periculi
451 2422 536 2514 iudei<
551 2477 609 2514 non
624 2456 678 2513 sibi
692 2477 722 2515 se
736 2458 899 2535 aequiorem

60 2553 145 2611 quam
167 2554 215 2591 reo
236 2534 427 2612 praebeat—:
449 2536 499 2593 sed
515 2536 617 2607 tuaC.
627 2536 737 2608 Caesar,
753 2544 899 2628 praestans

58 2614 267 2705 singularisque
277 2621 378 2671 natura
387 2614 464 2673 hunc
475 2615 547 2672 mihi
558 2623 667 2673 metum
682 2617 795 2674 minuit.
832 2616 899 2673 Non

60 2693 136 2749 enim
151 2700 210 2750 tam
224 2694 314 2751 timeo
329 2695 399 2771 quid
412 2701 446 2752 tu
462 2696 498 2752 de
515 2715 581 2772 rege
595 2691 742 2767 Deiotaro,
756 2714 841 2772 quarn
857 2696 900 2752 in-

59 2772 158 2849 telligo
176 2773 246 2849 quid
260 2773 296 2836 dc
310 2780 339 2831 te
356 2781 465 2832 cetoros
478 2775 548 2832 velis
562 2775 695 2832 iudicare.
739 2781 764 2833 5.
781 2775 899 2832 Moveor

59 2852 146 2908 etiam
168 2852 224 2909 loci
248 2853 338 2929 ipsius
361 2854 520 2925 insolentia,
537 2855 616 2932 quod
639 2861 749 2911 tantam
774 2874 896 2926 causam,

60 2938 167 3023 quanta
183 2932 261 2988 nulla
281 2952 418 3009 umquam
438 2934 469 2990 in
490 2934 698 3011 disceptatione
715 2941 825 2991 versata
845 2940 896 3006 est,

57 3011 143 3068 dico
136 3018 211 3068 intra
224 3012 396 3069 domesticos
410 3014 539 3090 parietes,
552 3015 617 3071 dico
632 3020 712 3070 extra
725 2978 898 3071 conventuni

58 3097 88 3149 et
102 3111 164 3149 earn
181 3092 401 3184 frequentiam,
393 3112 423 3149 m
438 3113 494 3170 qua
510 3100 656 3150 oratorum
673 3093 773 3150 studia
784 3093 849 3146 xixti
858 3111 908 3142 ss-

57 3170 162 3230 lent:
154 3191 184 3229 m
205 3172 263 3230 tuis
284 3171 428 3246 oculis,in
446 3180 502 3233 tuo
523 3192 577 3238 orc
589 3172 742 3245 nutuque
761 3165 941 3234 mmm
