<?xml version="1.0" encoding="UTF-8"?>
<!DOCTYPE html PUBLIC "-//W3C//DTD XHTML 1.0 Transitional//EN"
    "http://www.w3.org/TR/xhtml1/DTD/xhtml1-transitional.dtd">
<html xmlns="http://www.w3.org/1999/xhtml" xml:lang="en" lang="en">
 <head>
  <title>
</title>
<meta http-equiv="Content-Type" content="text/html;charset=utf-8" />
  <meta name='ocr-system' content='tesseract 3.04.00' />
  <meta name='ocr-capabilities' content='ocr_page ocr_carea ocr_par ocr_line ocrx_word'/>
</head>
<body>
  <div class='ocr_page' id='page_1' title='image "./mtulliiciceroni32cicegoog_0275.png"; bbox 0 0 1988 3480; ppageno 0'>
   <div class='ocr_carea' id='block_1_1' title="bbox 71 96 903 175">
    <p class='ocr_par' dir='ltr' id='par_1_1' title="bbox 71 96 903 175">
     <span class='ocr_line' id='line_1_1' title="bbox 71 96 903 175; baseline 0.002 -2"><span class='ocrx_word' id='word_1_1' title='bbox 71 128 120 174; x_wconf 71' lang='lat'>260</span> <span class='ocrx_word' id='word_1_2' title='bbox 147 125 185 173; x_wconf 82' lang='lat' dir='ltr'>IN</span> <span class='ocrx_word' id='word_1_3' title='bbox 203 125 240 173; x_wconf 80' lang='lat' dir='ltr'>M.</span> <span class='ocrx_word' id='word_1_4' title='bbox 255 123 449 174; x_wconf 75' lang='lat' dir='ltr'>AN&#39;I‘ONIUM</span> <span class='ocrx_word' id='word_1_5' title='bbox 465 122 601 174; x_wconf 78' lang='lat' dir='ltr'>ORATIO</span> <span class='ocrx_word' id='word_1_6' title='bbox 618 96 850 174; x_wconf 79' lang='lat' dir='ltr'>PHILIPPICA</span> <span class='ocrx_word' id='word_1_7' title='bbox 868 123 903 175; x_wconf 88' lang='lat'>11.</span> 
     </span>
    </p>
   </div>
   <div class='ocr_carea' id='block_1_2' title="bbox 71 223 954 3252">
    <p class='ocr_par' dir='ltr' id='par_1_2' title="bbox 71 223 954 2516">
     <span class='ocr_line' id='line_1_2' title="bbox 72 223 928 302; baseline 0 -19"><span class='ocrx_word' id='word_1_8' title='bbox 72 226 175 283; x_wconf 82' lang='lat' dir='ltr'>audiri.</span> <span class='ocrx_word' id='word_1_9' title='bbox 212 225 267 294; x_wconf 85' lang='lat' dir='ltr'>Qui</span> <span class='ocrx_word' id='word_1_10' title='bbox 280 225 416 299; x_wconf 67' lang='lat' dir='ltr'>magister</span> <span class='ocrx_word' id='word_1_11' title='bbox 426 224 556 302; x_wconf 87' lang='lat' dir='ltr'>equitum</span> <span class='ocrx_word' id='word_1_12' title='bbox 567 223 660 281; x_wconf 85' lang='lat' dir='ltr'>fuisse</span> <span class='ocrx_word' id='word_1_13' title='bbox 671 223 732 281; x_wconf 85' lang='lat' dir='ltr'>tibi</span> <span class='ocrx_word' id='word_1_14' title='bbox 748 224 892 296; x_wconf 86' lang='lat' dir='ltr'>viderere,</span> <span class='ocrx_word' id='word_1_15' title='bbox 903 226 928 283; x_wconf 91' lang='lat' dir='ltr'>in</span> 
     </span>
     <span class='ocr_line' id='line_1_3' title="bbox 73 304 928 383; baseline 0.002 -22"><span class='ocrx_word' id='word_1_16' title='bbox 73 307 234 383; x_wconf 79' lang='lat' dir='ltr'>proximum</span> <span class='ocrx_word' id='word_1_17' title='bbox 252 325 360 362; x_wconf 78' lang='lat' dir='ltr'>animm</span> <span class='ocrx_word' id='word_1_18' title='bbox 376 304 556 362; x_wconf 85' lang='lat' dir='ltr'>consulatum</span> <span class='ocrx_word' id='word_1_19' title='bbox 573 310 689 380; x_wconf 82' lang='lat' dir='ltr'><strong>peteres</strong></span> <span class='ocrx_word' id='word_1_20' title='bbox 704 304 755 362; x_wconf 88' lang='lat' dir='ltr'>vel</span> <span class='ocrx_word' id='word_1_21' title='bbox 773 306 878 382; x_wconf 89' lang='lat' dir='ltr'>potius</span> <span class='ocrx_word' id='word_1_22' title='bbox 891 325 928 362; x_wconf 84' lang='lat' dir='ltr'>ro</span> 
     </span>
     <span class='ocr_line' id='line_1_4' title="bbox 72 380 928 463; baseline 0 -21"><span class='ocrx_word' id='word_1_23' title='bbox 72 406 161 459; x_wconf 68' lang='lat' dir='ltr'>murs,</span> <span class='ocrx_word' id='word_1_24' title='bbox 178 380 227 463; x_wconf 77' lang='lat' dir='ltr'>{is}</span> <span class='ocrx_word' id='word_1_25' title='bbox 246 405 297 462; x_wconf 82' lang='lat' dir='ltr'>per</span> <span class='ocrx_word' id='word_1_26' title='bbox 317 385 475 462; x_wconf 88' lang='lat' dir='ltr'>municipia</span> <span class='ocrx_word' id='word_1_27' title='bbox 495 383 682 460; x_wconf 87' lang='lat' dir='ltr'>coloniasque</span> <span class='ocrx_word' id='word_1_28' title='bbox 699 384 830 456; x_wconf 85' lang='lat' dir='ltr'>Galliae,</span> <span class='ocrx_word' id='word_1_29' title='bbox 843 405 862 442; x_wconf 91' lang='lat' dir='ltr'>a</span> <span class='ocrx_word' id='word_1_30' title='bbox 878 405 928 462; x_wconf 88' lang='lat' dir='ltr'>qua</span> 
     </span>
     <span class='ocr_line' id='line_1_5' title="bbox 73 462 926 542; baseline 0.002 -21"><span class='ocrx_word' id='word_1_31' title='bbox 73 486 125 521; x_wconf 80' lang='lat' dir='ltr'>nos</span> <span class='ocrx_word' id='word_1_32' title='bbox 145 476 216 533; x_wconf 82' lang='lat' dir='ltr'>tum,</span> <span class='ocrx_word' id='word_1_33' title='bbox 232 484 297 521; x_wconf 84' lang='lat' dir='ltr'>eum</span> <span class='ocrx_word' id='word_1_34' title='bbox 317 464 481 521; x_wconf 84' lang='lat' dir='ltr'>consulatus</span> <span class='ocrx_word' id='word_1_35' title='bbox 502 462 662 540; x_wconf 73' lang='lat' dir='ltr'>petebatur,</span> <span class='ocrx_word' id='word_1_36' title='bbox 675 482 739 520; x_wconf 88' lang='lat' dir='ltr'>uon</span> <span class='ocrx_word' id='word_1_37' title='bbox 761 465 926 542; x_wconf 78' lang='lat' dir='ltr'><strong>rogabatur,</strong></span> 
     </span>
     <span class='ocr_line' id='line_1_6' title="bbox 72 542 927 622; baseline 0.004 -22"><span class='ocrx_word' id='word_1_38' title='bbox 72 554 168 622; x_wconf 79' lang='lat' dir='ltr'>petere</span> <span class='ocrx_word' id='word_1_39' title='bbox 183 545 362 601; x_wconf 82' lang='lat' dir='ltr'>consulatum</span> <span class='ocrx_word' id='word_1_40' title='bbox 377 544 547 612; x_wconf 78' lang='lat' dir='ltr'>solebamus,</span> <span class='ocrx_word' id='word_1_41' title='bbox 557 560 622 599; x_wconf 87' lang='lat' dir='ltr'>cnm</span> <span class='ocrx_word' id='word_1_42' title='bbox 634 542 761 600; x_wconf 78' lang='lat' dir='ltr'>Gallicis</span> <span class='ocrx_word' id='word_1_43' title='bbox 775 552 807 601; x_wconf 89' lang='lat' dir='ltr'>ct</span> <span class='ocrx_word' id='word_1_44' title='bbox 818 545 927 603; x_wconf 89' lang='lat' dir='ltr'>lacerna</span> 
     </span>
     <span class='ocr_line' id='line_1_7' title="bbox 72 621 924 682; baseline 0.004 -3"><span class='ocrx_word' id='word_1_45' title='bbox 72 626 228 682; x_wconf 78' lang='lat' dir='ltr'>rmurristi.</span> <span class='ocrx_word' id='word_1_46' title='bbox 261 624 374 681; x_wconf 86' lang='lat' dir='ltr'>XXXI.</span> <span class='ocrx_word' id='word_1_47' title='bbox 405 624 450 680; x_wconf 76' lang='lat'>77.</span> <span class='ocrx_word' id='word_1_48' title='bbox 464 624 505 680; x_wconf 83' lang='lat' dir='ltr'>At</span> <span class='ocrx_word' id='word_1_49' title='bbox 516 623 610 679; x_wconf 81' lang='lat' dir='ltr'>ridete</span> <span class='ocrx_word' id='word_1_50' title='bbox 621 621 779 681; x_wconf 84' lang='lat' dir='ltr'>levitatem</span> <span class='ocrx_word' id='word_1_51' title='bbox 791 624 924 682; x_wconf 87' lang='lat' dir='ltr'>hominis</span> 
     </span>
     <span class='ocr_line' id='line_1_8' title="bbox 73 701 924 776; baseline 0.006 -19"><span class='ocrx_word' id='word_1_52' title='bbox 73 709 145 761; x_wconf 74' lang='lat' dir='ltr'>t&#39;um</span> <span class='ocrx_word' id='word_1_53' title='bbox 165 705 235 761; x_wconf 88' lang='lat' dir='ltr'>hora</span> <span class='ocrx_word' id='word_1_54' title='bbox 251 705 307 761; x_wconf 84' lang='lat' dir='ltr'>diei</span> <span class='ocrx_word' id='word_1_55' title='bbox 326 704 437 762; x_wconf 86' lang='lat' dir='ltr'>decima</span> <span class='ocrx_word' id='word_1_56' title='bbox 453 704 513 760; x_wconf 82' lang='lat' dir='ltr'>iere</span> <span class='ocrx_word' id='word_1_57' title='bbox 532 702 569 759; x_wconf 90' lang='lat' dir='ltr'>ad</span> <span class='ocrx_word' id='word_1_58' title='bbox 586 701 661 759; x_wconf 85' lang='lat' dir='ltr'>Saxa</span> <span class='ocrx_word' id='word_1_59' title='bbox 680 702 775 761; x_wconf 89' lang='lat' dir='ltr'>rubra</span> <span class='ocrx_word' id='word_1_60' title='bbox 792 706 924 776; x_wconf 80' lang='lat' dir='ltr'>venisset,</span> 
     </span>
     <span class='ocr_line' id='line_1_9' title="bbox 72 782 926 861; baseline 0 -21"><span class='ocrx_word' id='word_1_61' title='bbox 72 785 187 842; x_wconf 78' lang='lat' dir='ltr'>delituit</span> <span class='ocrx_word' id='word_1_62' title='bbox 202 786 230 841; x_wconf 88' lang='lat' dir='ltr'>in</span> <span class='ocrx_word' id='word_1_63' title='bbox 246 782 547 861; x_wconf 73' lang='lat' dir='ltr'>‹pmdamcauponula</span> <span class='ocrx_word' id='word_1_64' title='bbox 562 789 648 858; x_wconf 89' lang='lat' dir='ltr'>atque</span> <span class='ocrx_word' id='word_1_65' title='bbox 663 782 706 839; x_wconf 91' lang='lat' dir='ltr'>ibi</span> <span class='ocrx_word' id='word_1_66' title='bbox 724 802 759 840; x_wconf 90' lang='lat' dir='ltr'>se</span> <span class='ocrx_word' id='word_1_67' title='bbox 778 785 926 842; x_wconf 87' lang='lat' dir='ltr'>occultans</span> 
     </span>
     <span class='ocr_line' id='line_1_10' title="bbox 72 861 926 941; baseline 0.001 -22"><span class='ocrx_word' id='word_1_68' title='bbox 72 866 234 941; x_wconf 78' lang='lat' dir='ltr'>perpotavit</span> <span class='ocrx_word' id='word_1_69' title='bbox 250 865 287 920; x_wconf 88' lang='lat' dir='ltr'>ad</span> <span class='ocrx_word' id='word_1_70' title='bbox 305 881 466 940; x_wconf 80' lang='lat' dir='ltr'>vesperam:</span> <span class='ocrx_word' id='word_1_71' title='bbox 489 863 556 919; x_wconf 91' lang='lat' dir='ltr'>iude</span> <span class='ocrx_word' id='word_1_72' title='bbox 577 861 648 919; x_wconf 88' lang='lat' dir='ltr'>cisio</span> <span class='ocrx_word' id='word_1_73' title='bbox 669 862 811 921; x_wconf 82' lang='lat' dir='ltr'>celeriter</span> <span class='ocrx_word' id='word_1_74' title='bbox 829 864 869 922; x_wconf 88' lang='lat' dir='ltr'>ad</span> <span class='ocrx_word' id='word_1_75' title='bbox 884 884 926 920; x_wconf 92' lang='lat' dir='ltr'>ur·</span> 
     </span>
     <span class='ocr_line' id='line_1_11' title="bbox 73 941 925 1019; baseline 0.002 -20"><span class='ocrx_word' id='word_1_76' title='bbox 73 943 136 1000; x_wconf 83' lang='lat' dir='ltr'>bem</span> <span class='ocrx_word' id='word_1_77' title='bbox 155 944 297 1009; x_wconf 67' lang='lat' dir='ltr'>advertus,</span> <span class='ocrx_word' id='word_1_78' title='bbox 310 944 429 1000; x_wconf 82' lang='lat' dir='ltr'>‹lmmuu</span> <span class='ocrx_word' id='word_1_79' title='bbox 447 943 525 1000; x_wconf 82' lang='lat' dir='ltr'>venit</span> <span class='ocrx_word' id='word_1_80' title='bbox 543 942 637 1019; x_wconf 83' lang='lat' dir='ltr'>capite</span> <span class='ocrx_word' id='word_1_81' title='bbox 656 941 814 1001; x_wconf 83' lang='lat' dir='ltr'>obvoluto.</span> <span class='ocrx_word' id='word_1_82' title='bbox 855 943 925 1001; x_wconf 87' lang='lat' dir='ltr'>Iani-</span> 
     </span>
     <span class='ocr_line' id='line_1_12' title="bbox 72 1021 924 1090; baseline 0.001 -11"><span class='ocrx_word' id='word_1_83' title='bbox 72 1032 133 1079; x_wconf 87' lang='lat' dir='ltr'>tor:</span> <span class='ocrx_word' id='word_1_84' title='bbox 156 1022 226 1090; x_wconf 79' lang='lat' dir='ltr'>Quis</span> <span class='ocrx_word' id='word_1_85' title='bbox 241 1024 291 1078; x_wconf 81' lang='lat' dir='ltr'>m!</span> <span class='ocrx_word' id='word_1_86' title='bbox 333 1023 361 1077; x_wconf 81' lang='grc' dir='ltr'><strong>Α</strong></span> <span class='ocrx_word' id='word_1_87' title='bbox 376 1022 472 1078; x_wconf 81' lang='lat' dir='ltr'>Marco</span> <span class='ocrx_word' id='word_1_88' title='bbox 487 1021 656 1079; x_wconf 88' lang='lat' dir='ltr'>tabellarius.</span> <span class='ocrx_word' id='word_1_89' title='bbox 701 1021 876 1082; x_wconf 83' lang='lat' dir='ltr'>Confestim</span> <span class='ocrx_word' id='word_1_90' title='bbox 890 1024 924 1080; x_wconf 87' lang='lat' dir='ltr'>ad</span> 
     </span>
     <span class='ocr_line' id='line_1_13' title="bbox 72 1101 923 1180; baseline 0.005 -23"><span class='ocrx_word' id='word_1_91' title='bbox 72 1122 142 1169; x_wconf 77' lang='lat' dir='ltr'>emm</span> <span class='ocrx_word' id='word_1_92' title='bbox 156 1103 236 1158; x_wconf 85' lang='lat' dir='ltr'>cuius</span> <span class='ocrx_word' id='word_1_93' title='bbox 256 1122 339 1158; x_wconf 78' lang='lat' dir='ltr'>rausa</span> <span class='ocrx_word' id='word_1_94' title='bbox 356 1110 478 1173; x_wconf 81' lang='lat' dir='ltr'>venerat,</span> <span class='ocrx_word' id='word_1_95' title='bbox 492 1102 643 1159; x_wconf 84' lang='lat' dir='ltr'>deducitur</span> <span class='ocrx_word' id='word_1_96' title='bbox 660 1101 746 1178; x_wconf 89' lang='lat' dir='ltr'>eique</span> <span class='ocrx_word' id='word_1_97' title='bbox 768 1104 923 1180; x_wconf 89' lang='lat' dir='ltr'>epistolam</span> 
     </span>
     <span class='ocr_line' id='line_1_14' title="bbox 71 1179 923 1259; baseline 0.001 -20"><span class='ocrx_word' id='word_1_98' title='bbox 71 1182 198 1240; x_wconf 82' lang='lat' dir='ltr'>tradidit.</span> <span class='ocrx_word' id='word_1_99' title='bbox 242 1186 334 1250; x_wconf 80' lang='lat' dir='ltr'>Quam</span> <span class='ocrx_word' id='word_1_100' title='bbox 357 1201 422 1239; x_wconf 90' lang='lat' dir='ltr'>cum</span> <span class='ocrx_word' id='word_1_101' title='bbox 444 1182 493 1239; x_wconf 92' lang='lat' dir='ltr'>illa</span> <span class='ocrx_word' id='word_1_102' title='bbox 514 1182 621 1259; x_wconf 83' lang='lat' dir='ltr'>legeret</span> <span class='ocrx_word' id='word_1_103' title='bbox 641 1179 825 1241; x_wconf 86' lang='lat' dir='ltr'>fieus—erat</span> <span class='ocrx_word' id='word_1_104' title='bbox 848 1185 923 1242; x_wconf 91' lang='lat' dir='ltr'>euim</span> 
     </span>
     <span class='ocr_line' id='line_1_15' title="bbox 72 1261 954 1340; baseline 0.002 -21"><span class='ocrx_word' id='word_1_105' title='bbox 72 1264 178 1340; x_wconf 86' lang='lat' dir='ltr'>scripta</span> <span class='ocrx_word' id='word_1_106' title='bbox 199 1263 352 1320; x_wconf 88' lang='lat' dir='ltr'>amatorie:</span> <span class='ocrx_word' id='word_1_107' title='bbox 374 1270 460 1339; x_wconf 85' lang='lat' dir='ltr'>caput</span> <span class='ocrx_word' id='word_1_108' title='bbox 481 1269 576 1319; x_wconf 87' lang='lat' dir='ltr'>autem</span> <span class='ocrx_word' id='word_1_109' title='bbox 594 1261 757 1318; x_wconf 87' lang='lat' dir='ltr'>litterarum</span> <span class='ocrx_word' id='word_1_110' title='bbox 781 1263 841 1320; x_wconf 90' lang='lat' dir='ltr'>sibi</span> <span class='ocrx_word' id='word_1_111' title='bbox 859 1283 923 1322; x_wconf 90' lang='lat' dir='ltr'>cum</span> <span class='ocrx_word' id='word_1_112' title='bbox 950 1313 954 1321; x_wconf 86' lang='lat'><strong>.</strong></span> 
     </span>
     <span class='ocr_line' id='line_1_16' title="bbox 73 1341 923 1420; baseline 0.001 -21"><span class='ocrx_word' id='word_1_113' title='bbox 73 1343 120 1400; x_wconf 89' lang='lat' dir='ltr'>illa</span> <span class='ocrx_word' id='word_1_114' title='bbox 131 1344 219 1400; x_wconf 89' lang='lat' dir='ltr'>mima</span> <span class='ocrx_word' id='word_1_115' title='bbox 230 1342 348 1420; x_wconf 88' lang='lat' dir='ltr'>posthac</span> <span class='ocrx_word' id='word_1_116' title='bbox 360 1341 431 1399; x_wconf 90' lang='lat' dir='ltr'>nihil</span> <span class='ocrx_word' id='word_1_117' title='bbox 442 1343 589 1399; x_wconf 86' lang='lat' dir='ltr'>futurum:</span> <span class='ocrx_word' id='word_1_118' title='bbox 611 1360 728 1397; x_wconf 89' lang='lat' dir='ltr'>ornnem</span> <span class='ocrx_word' id='word_1_119' title='bbox 744 1361 776 1400; x_wconf 88' lang='lat' dir='ltr'>se</span> <span class='ocrx_word' id='word_1_120' title='bbox 792 1360 923 1401; x_wconf 88' lang='lat' dir='ltr'>amorem</span> 
     </span>
     <span class='ocr_line' id='line_1_17' title="bbox 72 1420 923 1499; baseline 0.002 -20"><span class='ocrx_word' id='word_1_121' title='bbox 72 1423 207 1480; x_wconf 84' lang='lat' dir='ltr'>abiecisse</span> <span class='ocrx_word' id='word_1_122' title='bbox 222 1423 299 1480; x_wconf 91' lang='lat' dir='ltr'>illinc</span> <span class='ocrx_word' id='word_1_123' title='bbox 313 1429 398 1499; x_wconf 89' lang='lat' dir='ltr'>atque</span> <span class='ocrx_word' id='word_1_124' title='bbox 412 1423 441 1478; x_wconf 92' lang='lat' dir='ltr'>in</span> <span class='ocrx_word' id='word_1_125' title='bbox 456 1422 529 1478; x_wconf 90' lang='lat' dir='ltr'>hanc</span> <span class='ocrx_word' id='word_1_126' title='bbox 543 1420 850 1480; x_wconf 85' lang='lat' dir='ltr'>transfudisse—cum</span> <span class='ocrx_word' id='word_1_127' title='bbox 864 1444 923 1481; x_wconf 92' lang='lat' dir='ltr'>mu·</span> 
     </span>
     <span class='ocr_line' id='line_1_18' title="bbox 73 1501 921 1580; baseline 0.005 -23"><span class='ocrx_word' id='word_1_128' title='bbox 73 1502 123 1558; x_wconf 91' lang='lat' dir='ltr'>lier</span> <span class='ocrx_word' id='word_1_129' title='bbox 137 1502 216 1559; x_wconf 85' lang='lat' dir='ltr'>ficret</span> <span class='ocrx_word' id='word_1_130' title='bbox 233 1502 356 1572; x_wconf 87' lang='lat' dir='ltr'>uberius,</span> <span class='ocrx_word' id='word_1_131' title='bbox 369 1502 457 1558; x_wconf 91' lang='lat' dir='ltr'>homo</span> <span class='ocrx_word' id='word_1_132' title='bbox 471 1503 631 1559; x_wconf 81' lang='lat' dir='ltr'>misericors</span> <span class='ocrx_word' id='word_1_133' title='bbox 644 1501 719 1557; x_wconf 84' lang='lat' dir='ltr'>ferre</span> <span class='ocrx_word' id='word_1_134' title='bbox 734 1521 798 1559; x_wconf 89' lang='lat' dir='ltr'>non</span> <span class='ocrx_word' id='word_1_135' title='bbox 813 1505 921 1580; x_wconf 88' lang='lat' dir='ltr'>potuit,</span> 
     </span>
     <span class='ocr_line' id='line_1_19' title="bbox 73 1580 923 1659; baseline 0.005 -21"><span class='ocrx_word' id='word_1_136' title='bbox 73 1591 159 1658; x_wconf 90' lang='lat' dir='ltr'>caput</span> <span class='ocrx_word' id='word_1_137' title='bbox 180 1583 300 1659; x_wconf 89' lang='lat' dir='ltr'>aporuit,</span> <span class='ocrx_word' id='word_1_138' title='bbox 316 1583 345 1637; x_wconf 92' lang='lat' dir='ltr'>in</span> <span class='ocrx_word' id='word_1_139' title='bbox 367 1581 472 1638; x_wconf 91' lang='lat' dir='ltr'>collum</span> <span class='ocrx_word' id='word_1_140' title='bbox 496 1582 607 1638; x_wconf 76' lang='lat' dir='ltr'>invasit.</span> <span class='ocrx_word' id='word_1_141' title='bbox 649 1580 676 1638; x_wconf 94' lang='grc' dir='ltr'><strong>Ο</strong></span> <span class='ocrx_word' id='word_1_142' title='bbox 698 1580 856 1640; x_wconf 90' lang='lat' dir='ltr'>homiuem</span> <span class='ocrx_word' id='word_1_143' title='bbox 878 1604 923 1642; x_wconf 91' lang='lat' dir='ltr'>ue-</span> 
     </span>
     <span class='ocr_line' id='line_1_20' title="bbox 73 1659 922 1742; baseline 0.005 -24"><span class='ocrx_word' id='word_1_144' title='bbox 73 1663 177 1738; x_wconf 82' lang='lat' dir='ltr'>quaml</span> <span class='ocrx_word' id='word_1_145' title='bbox 221 1661 299 1730; x_wconf 78' lang='lat' dir='ltr'>Quid</span> <span class='ocrx_word' id='word_1_146' title='bbox 323 1662 400 1718; x_wconf 91' lang='lat' dir='ltr'>enim</span> <span class='ocrx_word' id='word_1_147' title='bbox 425 1661 503 1718; x_wconf 91' lang='lat' dir='ltr'>aliud</span> <span class='ocrx_word' id='word_1_148' title='bbox 527 1661 640 1718; x_wconf 87' lang='lat' dir='ltr'>dicaml</span> <span class='ocrx_word' id='word_1_149' title='bbox 680 1659 777 1737; x_wconf 85' lang='lat' dir='ltr'>Magis</span> <span class='ocrx_word' id='word_1_150' title='bbox 802 1664 922 1742; x_wconf 89' lang='lat' dir='ltr'>proprie</span> 
     </span>
     <span class='ocr_line' id='line_1_21' title="bbox 73 1739 922 1819; baseline 0.007 -22"><span class='ocrx_word' id='word_1_151' title='bbox 73 1742 144 1798; x_wconf 90' lang='lat' dir='ltr'>nihil</span> <span class='ocrx_word' id='word_1_152' title='bbox 166 1762 283 1819; x_wconf 86' lang='lat' dir='ltr'>possum</span> <span class='ocrx_word' id='word_1_153' title='bbox 308 1742 408 1798; x_wconf 87' lang='lat' dir='ltr'>dicere.</span> <span class='ocrx_word' id='word_1_154' title='bbox 451 1741 536 1817; x_wconf 80' lang='lat' dir='ltr'>Ergo,</span> <span class='ocrx_word' id='word_1_155' title='bbox 555 1747 587 1797; x_wconf 91' lang='lat' dir='ltr'>ut</span> <span class='ocrx_word' id='word_1_156' title='bbox 607 1747 636 1798; x_wconf 87' lang='lat' dir='ltr'>tc</span> <span class='ocrx_word' id='word_1_157' title='bbox 658 1739 852 1816; x_wconf 88' lang='lat' dir='ltr'>Catamitum,</span> <span class='ocrx_word' id='word_1_158' title='bbox 871 1763 922 1802; x_wconf 89' lang='lat' dir='ltr'>nec</span> 
     </span>
     <span class='ocr_line' id='line_1_22' title="bbox 73 1821 922 1901; baseline 0.006 -24"><span class='ocrx_word' id='word_1_159' title='bbox 73 1823 191 1897; x_wconf 90' lang='lat' dir='ltr'>opinato</span> <span class='ocrx_word' id='word_1_160' title='bbox 202 1842 267 1879; x_wconf 90' lang='lat' dir='ltr'>cum</span> <span class='ocrx_word' id='word_1_161' title='bbox 279 1829 307 1878; x_wconf 88' lang='lat' dir='ltr'>te</span> <span class='ocrx_word' id='word_1_162' title='bbox 319 1821 498 1891; x_wconf 87' lang='lat' dir='ltr'>ostendisses,</span> <span class='ocrx_word' id='word_1_163' title='bbox 508 1827 620 1897; x_wconf 88' lang='lat' dir='ltr'>praeter</span> <span class='ocrx_word' id='word_1_164' title='bbox 634 1838 714 1897; x_wconf 87' lang='lat' dir='ltr'>spem</span> <span class='ocrx_word' id='word_1_165' title='bbox 728 1822 839 1880; x_wconf 87' lang='lat' dir='ltr'>mulier</span> <span class='ocrx_word' id='word_1_166' title='bbox 849 1825 922 1901; x_wconf 90' lang='lat' dir='ltr'>aspi-</span> 
     </span>
     <span class='ocr_line' id='line_1_23' title="bbox 73 1898 922 1971; baseline 0.008 -15"><span class='ocrx_word' id='word_1_167' title='bbox 73 1909 156 1971; x_wconf 84' lang='lat' dir='ltr'>ceret,</span> <span class='ocrx_word' id='word_1_168' title='bbox 169 1902 274 1958; x_wconf 88' lang='lat' dir='ltr'>idcirco</span> <span class='ocrx_word' id='word_1_169' title='bbox 289 1901 389 1958; x_wconf 87' lang='lat' dir='ltr'>urbem</span> <span class='ocrx_word' id='word_1_170' title='bbox 403 1908 508 1958; x_wconf 87' lang='lat' dir='ltr'>terrore</span> <span class='ocrx_word' id='word_1_171' title='bbox 523 1907 672 1970; x_wconf 88' lang='lat' dir='ltr'>nocturno,</span> <span class='ocrx_word' id='word_1_172' title='bbox 682 1898 799 1958; x_wconf 89' lang='lat' dir='ltr'>Italiam</span> <span class='ocrx_word' id='word_1_173' title='bbox 814 1904 922 1962; x_wconf 81' lang='lat' dir='ltr'>multo</span> 
     </span>
     <span class='ocr_line' id='line_1_24' title="bbox 73 1979 920 2060; baseline 0.006 -25"><span class='ocrx_word' id='word_1_174' title='bbox 73 1999 136 2035; x_wconf 89' lang='lat' dir='ltr'>rum</span> <span class='ocrx_word' id='word_1_175' title='bbox 151 1981 261 2036; x_wconf 89' lang='lat' dir='ltr'>dicrum</span> <span class='ocrx_word' id='word_1_176' title='bbox 276 1986 355 2036; x_wconf 89' lang='lat' dir='ltr'>metu</span> <span class='ocrx_word' id='word_1_177' title='bbox 369 1980 563 2056; x_wconf 71' lang='lat' dir='ltr'>perturbasti?</span> <span class='ocrx_word' id='word_1_178' title='bbox 595 1981 640 2037; x_wconf 88' lang='grc'>78.</span> <span class='ocrx_word' id='word_1_179' title='bbox 651 1979 690 2038; x_wconf 85' lang='lat' dir='ltr'>Et</span> <span class='ocrx_word' id='word_1_180' title='bbox 701 1980 784 2038; x_wconf 91' lang='lat' dir='ltr'>domi</span> <span class='ocrx_word' id='word_1_181' title='bbox 800 1984 920 2060; x_wconf 90' lang='lat' dir='ltr'>quidem</span> 
     </span>
     <span class='ocr_line' id='line_1_25' title="bbox 73 2057 919 2136; baseline 0.008 -22"><span class='ocrx_word' id='word_1_182' title='bbox 73 2079 185 2115; x_wconf 89' lang='lat' dir='ltr'>causam</span> <span class='ocrx_word' id='word_1_183' title='bbox 200 2059 305 2114; x_wconf 91' lang='lat' dir='ltr'>amoris</span> <span class='ocrx_word' id='word_1_184' title='bbox 319 2057 452 2129; x_wconf 86' lang='lat' dir='ltr'>habuisti,</span> <span class='ocrx_word' id='word_1_185' title='bbox 465 2060 536 2116; x_wconf 85' lang='lat' dir='ltr'>foris</span> <span class='ocrx_word' id='word_1_186' title='bbox 550 2061 637 2117; x_wconf 87' lang='lat' dir='ltr'>etiam</span> <span class='ocrx_word' id='word_1_187' title='bbox 651 2060 821 2136; x_wconf 85' lang='lat' dir='ltr'>turpiorem,</span> <span class='ocrx_word' id='word_1_188' title='bbox 835 2083 874 2121; x_wconf 87' lang='lat' dir='ltr'>ue</span> <span class='ocrx_word' id='word_1_189' title='bbox 888 2064 919 2121; x_wconf 90' lang='lat' dir='ltr'>L.</span> 
     </span>
     <span class='ocr_line' id='line_1_26' title="bbox 72 2137 921 2213; baseline 0.008 -20"><span class='ocrx_word' id='word_1_190' title='bbox 72 2138 196 2194; x_wconf 89' lang='lat' dir='ltr'>Plancus</span> <span class='ocrx_word' id='word_1_191' title='bbox 210 2137 328 2213; x_wconf 90' lang='lat' dir='ltr'>praedes</span> <span class='ocrx_word' id='word_1_192' title='bbox 342 2144 408 2193; x_wconf 90' lang='lat' dir='ltr'>tuos</span> <span class='ocrx_word' id='word_1_193' title='bbox 419 2139 561 2197; x_wconf 86' lang='lat' dir='ltr'>venderet.</span> <span class='ocrx_word' id='word_1_194' title='bbox 598 2140 762 2207; x_wconf 86' lang='lat' dir='ltr'>Productus</span> <span class='ocrx_word' id='word_1_195' title='bbox 776 2149 879 2200; x_wconf 90' lang='lat' dir='ltr'>autem</span> <span class='ocrx_word' id='word_1_196' title='bbox 890 2145 921 2200; x_wconf 90' lang='lat' dir='ltr'>in</span> 
     </span>
     <span class='ocr_line' id='line_1_27' title="bbox 73 2216 921 2297; baseline 0.009 -25"><span class='ocrx_word' id='word_1_197' title='bbox 73 2217 271 2274; x_wconf 85' lang='lat' dir='ltr'>contionema</span> <span class='ocrx_word' id='word_1_198' title='bbox 287 2216 403 2274; x_wconf 88' lang='lat' dir='ltr'>tribuno</span> <span class='ocrx_word' id='word_1_199' title='bbox 420 2217 513 2294; x_wconf 90' lang='lat' dir='ltr'>plebis</span> <span class='ocrx_word' id='word_1_200' title='bbox 533 2239 599 2277; x_wconf 92' lang='lat' dir='ltr'>cum</span> <span class='ocrx_word' id='word_1_201' title='bbox 616 2219 813 2297; x_wconf 82' lang='lat' dir='ltr'>respondisses</span> <span class='ocrx_word' id='word_1_202' title='bbox 830 2229 861 2280; x_wconf 87' lang='lat' dir='ltr'>te</span> <span class='ocrx_word' id='word_1_203' title='bbox 879 2224 921 2281; x_wconf 89' lang='lat' dir='ltr'>rei</span> 
     </span>
     <span class='ocr_line' id='line_1_28' title="bbox 73 2297 922 2375; baseline 0.008 -21"><span class='ocrx_word' id='word_1_204' title='bbox 73 2305 138 2354; x_wconf 88' lang='lat' dir='ltr'>tuac</span> <span class='ocrx_word' id='word_1_205' title='bbox 152 2317 236 2354; x_wconf 89' lang='lat' dir='ltr'>causa</span> <span class='ocrx_word' id='word_1_206' title='bbox 247 2297 363 2368; x_wconf 87' lang='lat' dir='ltr'>venisse,</span> <span class='ocrx_word' id='word_1_207' title='bbox 372 2298 511 2375; x_wconf 92' lang='lat' dir='ltr'>populum</span> <span class='ocrx_word' id='word_1_208' title='bbox 527 2300 613 2357; x_wconf 87' lang='lat' dir='ltr'>ctiam</span> <span class='ocrx_word' id='word_1_209' title='bbox 628 2301 754 2358; x_wconf 84' lang='lat' dir='ltr'>dicacem</span> <span class='ocrx_word' id='word_1_210' title='bbox 768 2300 800 2357; x_wconf 93' lang='lat' dir='ltr'>in</span> <span class='ocrx_word' id='word_1_211' title='bbox 812 2309 842 2360; x_wconf 88' lang='lat' dir='ltr'>te</span> <span class='ocrx_word' id='word_1_212' title='bbox 857 2303 922 2361; x_wconf 91' lang='lat' dir='ltr'>red-</span> 
     </span>
     <span class='ocr_line' id='line_1_29' title="bbox 73 2378 920 2456; baseline 0.006 -22"><span class='ocrx_word' id='word_1_213' title='bbox 73 2379 180 2435; x_wconf 89' lang='lat' dir='ltr'>didisti.</span> <span class='ocrx_word' id='word_1_214' title='bbox 217 2378 274 2436; x_wconf 87' lang='lat' dir='ltr'>Sed</span> <span class='ocrx_word' id='word_1_215' title='bbox 290 2379 376 2436; x_wconf 87' lang='lat' dir='ltr'>nimis</span> <span class='ocrx_word' id='word_1_216' title='bbox 396 2379 488 2437; x_wconf 88' lang='lat' dir='ltr'>multa</span> <span class='ocrx_word' id='word_1_217' title='bbox 508 2380 544 2437; x_wconf 86' lang='lat' dir='ltr'>dc</span> <span class='ocrx_word' id='word_1_218' title='bbox 566 2381 666 2456; x_wconf 82' lang='lat' dir='ltr'>nugis:</span> <span class='ocrx_word' id='word_1_219' title='bbox 689 2380 726 2437; x_wconf 92' lang='lat' dir='ltr'>ad</span> <span class='ocrx_word' id='word_1_220' title='bbox 744 2381 857 2439; x_wconf 89' lang='lat' dir='ltr'>maiora</span> <span class='ocrx_word' id='word_1_221' title='bbox 875 2403 920 2440; x_wconf 82' lang='lat' dir='ltr'>ve</span> 
     </span>
     <span class='ocr_line' id='line_1_30' title="bbox 73 2478 191 2516; baseline 0.017 -2"><span class='ocrx_word' id='word_1_222' title='bbox 73 2478 191 2516; x_wconf 89' lang='lat' dir='ltr'>mamus.</span> 
     </span>
    </p>

    <p class='ocr_par' dir='ltr' id='par_1_3' title="bbox 72 2537 921 3252">
     <span class='ocr_line' id='line_1_31' title="bbox 114 2537 917 2616; baseline 0.012 -23"><span class='ocrx_word' id='word_1_223' title='bbox 114 2537 242 2594; x_wconf 82' lang='lat' dir='ltr'>XXXII.</span> <span class='ocrx_word' id='word_1_224' title='bbox 259 2538 290 2595; x_wconf 85' lang='lat' dir='ltr'>C.</span> <span class='ocrx_word' id='word_1_225' title='bbox 302 2538 415 2596; x_wconf 85' lang='lat' dir='ltr'>Caesari</span> <span class='ocrx_word' id='word_1_226' title='bbox 432 2559 466 2597; x_wconf 88' lang='lat' dir='ltr'>cx</span> <span class='ocrx_word' id='word_1_227' title='bbox 481 2539 623 2616; x_wconf 88' lang='lat' dir='ltr'>Hispania</span> <span class='ocrx_word' id='word_1_228' title='bbox 640 2540 771 2599; x_wconf 91' lang='lat' dir='ltr'>redeunti</span> <span class='ocrx_word' id='word_1_229' title='bbox 785 2540 824 2597; x_wconf 92' lang='lat' dir='ltr'>ob</span> <span class='ocrx_word' id='word_1_230' title='bbox 840 2540 917 2603; x_wconf 83' lang='lat' dir='ltr'>viam</span> 
     </span>
     <span class='ocr_line' id='line_1_32' title="bbox 73 2617 915 2698; baseline 0.006 -24"><span class='ocrx_word' id='word_1_231' title='bbox 73 2617 238 2693; x_wconf 85' lang='lat' dir='ltr'>longissime</span> <span class='ocrx_word' id='word_1_232' title='bbox 249 2619 419 2694; x_wconf 83' lang='lat' dir='ltr'>processisti.</span> <span class='ocrx_word' id='word_1_233' title='bbox 463 2619 599 2677; x_wconf 82' lang='lat' dir='ltr'>Celeriter</span> <span class='ocrx_word' id='word_1_234' title='bbox 613 2620 669 2690; x_wconf 88' lang='lat' dir='ltr'>isti,</span> <span class='ocrx_word' id='word_1_235' title='bbox 682 2619 789 2688; x_wconf 88' lang='lat' dir='ltr'>redisti,</span> <span class='ocrx_word' id='word_1_236' title='bbox 801 2628 836 2677; x_wconf 87' lang='lat' dir='ltr'>ut</span> <span class='ocrx_word' id='word_1_237' title='bbox 851 2641 915 2698; x_wconf 76' lang='lat' dir='ltr'>cog·</span> 
     </span>
     <span class='ocr_line' id='line_1_33' title="bbox 72 2699 916 2770; baseline 0.007 -17"><span class='ocrx_word' id='word_1_238' title='bbox 72 2707 202 2755; x_wconf 88' lang='lat' dir='ltr'>nosceret</span> <span class='ocrx_word' id='word_1_239' title='bbox 211 2705 239 2755; x_wconf 89' lang='lat' dir='ltr'>te</span> <span class='ocrx_word' id='word_1_240' title='bbox 251 2699 275 2754; x_wconf 91' lang='lat' dir='ltr'>si</span> <span class='ocrx_word' id='word_1_241' title='bbox 289 2699 384 2755; x_wconf 87' lang='lat' dir='ltr'>minus</span> <span class='ocrx_word' id='word_1_242' title='bbox 394 2700 508 2770; x_wconf 85' lang='lat' dir='ltr'>fortem,</span> <span class='ocrx_word' id='word_1_243' title='bbox 517 2706 547 2756; x_wconf 91' lang='lat' dir='ltr'>at</span> <span class='ocrx_word' id='word_1_244' title='bbox 558 2707 653 2756; x_wconf 87' lang='lat' dir='ltr'>tamen</span> <span class='ocrx_word' id='word_1_245' title='bbox 665 2707 821 2756; x_wconf 86' lang='lat' dir='ltr'>strenuum.</span> <span class='ocrx_word' id='word_1_246' title='bbox 850 2700 916 2759; x_wconf 51' lang='lat' dir='ltr'>Fac*</span> 
     </span>
     <span class='ocr_line' id='line_1_34' title="bbox 72 2778 918 2856; baseline 0.004 -21"><span class='ocrx_word' id='word_1_247' title='bbox 72 2786 120 2835; x_wconf 86' lang='lat' dir='ltr'>tus</span> <span class='ocrx_word' id='word_1_248' title='bbox 131 2797 160 2834; x_wconf 89' lang='lat' dir='ltr'>es</span> <span class='ocrx_word' id='word_1_249' title='bbox 171 2778 197 2834; x_wconf 91' lang='lat' dir='ltr'>ei</span> <span class='ocrx_word' id='word_1_250' title='bbox 208 2797 303 2835; x_wconf 84' lang='lat' dir='ltr'>rursus</span> <span class='ocrx_word' id='word_1_251' title='bbox 314 2780 410 2836; x_wconf 88' lang='lat' dir='ltr'>nescio</span> <span class='ocrx_word' id='word_1_252' title='bbox 422 2799 479 2856; x_wconf 90' lang='lat' dir='ltr'>quo</span> <span class='ocrx_word' id='word_1_253' title='bbox 490 2779 578 2835; x_wconf 90' lang='lat' dir='ltr'>modo</span> <span class='ocrx_word' id='word_1_254' title='bbox 590 2779 745 2835; x_wconf 84' lang='lat' dir='ltr'>familiaris.</span> <span class='ocrx_word' id='word_1_255' title='bbox 778 2779 918 2838; x_wconf 87' lang='lat' dir='ltr'>Habebat</span> 
     </span>
     <span class='ocr_line' id='line_1_35' title="bbox 72 2858 917 2936; baseline 0.001 -21"><span class='ocrx_word' id='word_1_256' title='bbox 72 2858 128 2915; x_wconf 87' lang='lat' dir='ltr'>hoc</span> <span class='ocrx_word' id='word_1_257' title='bbox 139 2859 257 2915; x_wconf 92' lang='lat' dir='ltr'>omnino</span> <span class='ocrx_word' id='word_1_258' title='bbox 267 2858 383 2916; x_wconf 83' lang='lat' dir='ltr'>Caesar:</span> <span class='ocrx_word' id='word_1_259' title='bbox 403 2879 486 2936; x_wconf 84' lang='lat' dir='ltr'>quem</span> <span class='ocrx_word' id='word_1_260' title='bbox 498 2858 581 2935; x_wconf 91' lang='lat' dir='ltr'>plane</span> <span class='ocrx_word' id='word_1_261' title='bbox 591 2859 735 2933; x_wconf 89' lang='lat' dir='ltr'>perditum</span> <span class='ocrx_word' id='word_1_262' title='bbox 746 2877 809 2915; x_wconf 88' lang='lat' dir='ltr'>aere</span> <span class='ocrx_word' id='word_1_263' title='bbox 819 2858 917 2917; x_wconf 85' lang='lat' dir='ltr'>alieno</span> 
     </span>
     <span class='ocr_line' id='line_1_36' title="bbox 73 2938 916 3015; baseline -0.001 -19"><span class='ocrx_word' id='word_1_264' title='bbox 73 2946 269 3015; x_wconf 82' lang='lat' dir='ltr'>egentemque,</span> <span class='ocrx_word' id='word_1_265' title='bbox 282 2939 305 2994; x_wconf 89' lang='lat' dir='ltr'>si</span> <span class='ocrx_word' id='word_1_266' title='bbox 321 2939 452 2996; x_wconf 89' lang='lat' dir='ltr'>eumdem</span> <span class='ocrx_word' id='word_1_267' title='bbox 467 2958 589 3014; x_wconf 82' lang='lat' dir='ltr'>nequam</span> <span class='ocrx_word' id='word_1_268' title='bbox 604 2938 750 2995; x_wconf 85' lang='lat' dir='ltr'>hominem</span> <span class='ocrx_word' id='word_1_269' title='bbox 765 2938 916 2995; x_wconf 75' lang='lat' dir='ltr'>audacem-</span> 
     </span>
     <span class='ocr_line' id='line_1_37' title="bbox 74 3016 921 3096; baseline 0 -21"><span class='ocrx_word' id='word_1_270' title='bbox 74 3039 128 3096; x_wconf 87' lang='lat' dir='ltr'>que</span> <span class='ocrx_word' id='word_1_271' title='bbox 156 3025 302 3095; x_wconf 76' lang='lat' dir='ltr'>cognorat,</span> <span class='ocrx_word' id='word_1_272' title='bbox 322 3018 398 3075; x_wconf 91' lang='lat' dir='ltr'>hunc</span> <span class='ocrx_word' id='word_1_273' title='bbox 422 3019 451 3074; x_wconf 91' lang='lat' dir='ltr'>in</span> <span class='ocrx_word' id='word_1_274' title='bbox 477 3017 700 3074; x_wconf 84' lang='lat' dir='ltr'>familiaritatem</span> <span class='ocrx_word' id='word_1_275' title='bbox 724 3016 921 3075; x_wconf 83' lang='lat' dir='ltr'>libentissime</span> 
     </span>
     <span class='ocr_line' id='line_1_38' title="bbox 73 3096 914 3176; baseline 0 -22"><span class='ocrx_word' id='word_1_276' title='bbox 73 3099 235 3176; x_wconf 88' lang='lat' dir='ltr'>recipiebat.</span> <span class='ocrx_word' id='word_1_277' title='bbox 280 3098 295 3153; x_wconf 86' lang='grc'>7</span> <span class='ocrx_word' id='word_1_278' title='bbox 300 3104 325 3154; x_wconf 87' lang='grc'>9.</span> <span class='ocrx_word' id='word_1_279' title='bbox 342 3097 398 3154; x_wconf 88' lang='lat' dir='ltr'>His</span> <span class='ocrx_word' id='word_1_280' title='bbox 414 3099 503 3174; x_wconf 82' lang='lat' dir='ltr'>igitur</span> <span class='ocrx_word' id='word_1_281' title='bbox 516 3097 600 3154; x_wconf 88' lang='lat' dir='ltr'>rebus</span> <span class='ocrx_word' id='word_1_282' title='bbox 614 3096 754 3173; x_wconf 90' lang='lat' dir='ltr'>praeclare</span> <span class='ocrx_word' id='word_1_283' title='bbox 769 3116 914 3154; x_wconf 89' lang='lat' dir='ltr'>commen-</span> 
     </span>
     <span class='ocr_line' id='line_1_39' title="bbox 73 3176 913 3252; baseline -0.002 -18"><span class='ocrx_word' id='word_1_284' title='bbox 73 3178 165 3247; x_wconf 89' lang='lat' dir='ltr'>datus,</span> <span class='ocrx_word' id='word_1_285' title='bbox 176 3179 267 3236; x_wconf 74' lang='lat' dir='ltr'>iussur</span> <span class='ocrx_word' id='word_1_286' title='bbox 279 3196 309 3234; x_wconf 87' lang='lat' dir='ltr'>es</span> <span class='ocrx_word' id='word_1_287' title='bbox 320 3178 473 3235; x_wconf 71' lang='lat' dir='ltr'>reruntiari</span> <span class='ocrx_word' id='word_1_288' title='bbox 485 3176 583 3234; x_wconf 88' lang='lat' dir='ltr'>consul</span> <span class='ocrx_word' id='word_1_289' title='bbox 594 3185 623 3234; x_wconf 89' lang='lat' dir='ltr'>et</span> <span class='ocrx_word' id='word_1_290' title='bbox 634 3176 752 3252; x_wconf 85' lang='lat' dir='ltr'>quidem</span> <span class='ocrx_word' id='word_1_291' title='bbox 762 3195 829 3232; x_wconf 86' lang='lat' dir='ltr'>cum</span> <span class='ocrx_word' id='word_1_292' title='bbox 838 3176 913 3248; x_wconf 79' lang='lat' dir='ltr'>ipso.</span> 
     </span>
    </p>
   </div>
   <div class='ocr_carea' id='block_1_3' title="bbox 0 0 998 3480">
    <p class='ocr_par' dir='ltr' id='par_1_4' title="bbox 0 0 998 3480">
     <span class='ocr_line' id='line_1_40' title="bbox 0 0 998 3480; baseline 0 0"><span class='ocrx_word' id='word_1_293' title='bbox 0 0 998 3480; x_wconf 95' lang='lat' dir='ltr'> </span> 
     </span>
    </p>
   </div>
  </div>
 </body>
</html>
