1988 3480
284 143 363 192 OAP.
379 143 535 204 XL-xnr,
553 141 567 200 ξ
582 144 671 193 27-33.
849 145 897 193 229

59 253 138 304 metu
151 242 291 322 liberatal,
302 250 332 302 te
345 243 465 301 domum
479 243 632 321 recepistil
650 317 654 324 ὓ
672 242 763 301 Cuius
779 243 897 318 ordinis,

58 327 138 384 cuius
149 325 268 402 geuene,
276 324 357 382 cuius
367 323 490 401 denique
499 324 631 382 fortunae
643 324 738 381 studia
746 330 808 382 tum
820 325 898 384 laudi

58 414 88 464 et
104 404 288 482 gratulationi
303 411 370 462 tuae
387 423 416 461 se
433 423 492 461 non
509 403 693 462 obtulerunt?
734 403 810 473 Quin
824 406 898 464 mihi

58 487 154 556 etiam,
167 503 224 562 qno
241 491 355 542 auctore
368 490 398 541 te
414 484 445 540 in
461 484 507 541 his
523 484 607 541 rebus
621 484 664 541 uti
678 484 896 558 arbitrabantur,

58 573 88 623 et
109 566 214 642 gratias
234 564 304 621 boni
322 563 376 620 riri
396 563 519 640 agebant
541 570 570 621 et
590 570 642 621 tuo
667 565 784 622 nomine
804 573 899 642 gratn-

59 645 196 702 labantur.
234 643 402 714 Recordare,
421 663 534 720 quaese,
552 641 709 717 Dolabella,
728 664 898 702 consensum

59 725 139 783 illum
156 724 269 795 theatri,
280 741 347 781 cum
364 742 464 780 omnes
485 742 582 780 earum
598 743 693 782 rerum
710 724 801 796 obliti,
813 743 898 802 prop

58 813 102 862 ter
116 823 186 882 quas
199 805 313 861 fuerant
323 802 378 860 tibi
392 803 503 875 offensi,
516 803 709 881 significarent
719 824 749 862 se
759 804 898 863 beneficio

59 904 134 941 novo
148 884 316 941 memoriam
330 883 433 940 veteris
447 883 554 941 doloris
568 884 710 942 abiecisse.
754 891 800 943 31.
813 884 897 942 Hanc

58 972 99 1035 tu,
115 964 147 1022 P.
160 962 456 1040 Dolabella-magno
476 964 580 1042 loquor
599 983 665 1022 cum
686 964 897 1022 dolore-hanc

57 1051 99 1115 tu,
111 1044 237 1121 inquam,
249 1043 371 1121 potuisti
384 1062 476 1122 aequo
490 1045 587 1102 animo
600 1051 712 1103 tantam
726 1044 897 1122 dignitatem

58 1124 219 1201 deponeret
259 1121 344 1181 XIII.
362 1123 407 1182 Tu
427 1125 898 1196 antemnarum—absentem

57 1204 134 1261 enim
151 1203 396 1281 appello—unum
413 1204 494 1262 illum
508 1205 594 1276 diem,
606 1223 664 1282 quo
676 1205 708 1261 in
724 1204 794 1261 aede
807 1204 899 1262 Tellu-

58 1284 96 1341 ris
117 1292 231 1341 senatus
251 1284 389 1356 fuit,n0n
411 1284 544 1341 omnibus
564 1284 610 1340 bis
629 1283 783 1355 mensibus,
797 1282 900 1360 quibus

45 1371 87 1430 ,te
103 1363 219 1440 quidam
229 1363 353 1421 multum
365 1384 382 1421 a
392 1383 438 1421 me
448 1363 649 1434 dissentientes
659 1363 775 1420 beatum
786 1369 899 1440 putant,

58 1443 229 1518 anteponisl
270 1442 350 1512 Quae
366 1444 424 1501 fuit
438 1444 530 1501 oratio
546 1443 583 1500 de
599 1442 770 1500 concordia?
791 1449 899 1520 quanto

59 1529 139 1579 metu
155 1523 257 1581 veteis
272 1523 351 1594 mali,
364 1530 470 1601 quanta
486 1523 678 1581 sollicitudine
691 1522 792 1579 civitas
805 1530 868 1580 tum
882 1541 900 1579 a

60 1611 89 1658 te
106 1601 225 1659 liberata
240 1609 292 1666 est,
304 1622 368 1660 cum
390 1603 528 1680 collegam
544 1609 627 1660 tunm
648 1602 787 1679 depositis
805 1599 900 1659 inimi·

59 1682 137 1740 citiis
159 1682 266 1740 oblitus
287 1683 479 1760 auspiciorum
501 1702 518 1740 a
539 1689 568 1741 te
589 1682 652 1760 ipso
673 1701 779 1758 augure
799 1681 899 1759 populi

18 1823 20 1828 ,
61 1761 186 1820 Romani
204 1763 401 1820 nuntiatorum
419 1763 468 1820 illo
485 1763 610 1840 primum
627 1762 674 1819 die
690 1761 828 1839 collegam
846 1761 899 1819 tibi

60 1863 122 1901 esse
143 1842 266 1913 voluisti,
278 1849 345 1900 tuus
365 1862 469 1920 parvus
488 1842 564 1900 filius
585 1842 615 1899 in
636 1841 813 1919 Capitolium
833 1861 851 1898 a
870 1848 900 1899 te

61 1923 164 1980 missus
178 1923 256 2000 pacis
270 1922 352 1980 obses
365 1922 430 1980 fuit
467 1928 514 1980 32.
526 1921 591 1991 Quo
604 1929 720 1980 senatus
733 1921 780 1979 die
790 1921 898 1992 laetior,

60 2023 118 2081 quo
127 2003 252 2080 populus
262 2002 426 2060 Romanust
447 2003 495 2080 qui
510 2002 626 2079 quidem
637 2001 715 2059 nulla
725 2001 755 2059 in
766 2001 900 2059 contione

60 2103 198 2161 umquam
209 2083 390 2160 'frequentior
400 2083 465 2141 fuit.
500 2083 576 2140 Tum
590 2082 713 2159 denique
727 2081 838 2139 liberati
849 2100 900 2158 per

61 2165 137 2221 viros
157 2164 332 2221 fortissimos
352 2163 528 2234 videbamur,
540 2163 615 2240 quia,
627 2169 660 2219 ut
679 2162 720 2219 illi
739 2161 898 2231 voluerunt,

61 2243 222 2301 libertatern
236 2261 292 2318 pax
306 2242 539 2320 consequebatur.
581 2242 726 2312 Proximo,
738 2241 835 2311 altero,
847 2247 901 2297 ter-

61 2323 113 2394 tio,
123 2323 246 2398 denique
257 2322 373 2399 reliquis
383 2322 543 2379 consecutis
552 2321 654 2378 diebus
663 2339 722 2376 non
732 2321 901 2377 intermitte-

62 2401 113 2458 bas
125 2401 205 2478 quasi
216 2401 325 2458 donum
337 2402 452 2478 aliquod
466 2402 572 2459 cotidie
583 2401 693 2458 adferre
704 2399 900 2476 reipublicae:

62 2482 220 2538 maximum
242 2489 337 2538 antem
355 2481 434 2553 illud,
446 2481 524 2558 quod
541 2481 698 2538 dictaturae
718 2497 823 2535 nomen
843 2498 902 2535 sus·

62 2561 163 2618 tulisti.
206 2561 286 2618 Haec
302 2561 398 2618 inusta
418 2569 461 2619 est
479 2581 497 2618 a
515 2568 553 2631 te,
566 2579 583 2617 a
598 2567 636 2631 te,
648 2560 774 2636 inquam,
785 2565 901 2615 mortuo

63 2640 177 2698 Caesari
191 2648 261 2698 nota
273 2641 311 2698 ad
325 2641 513 2718 ignominiam
527 2641 737 2717 sempiternam.
770 2637 814 2696 Ut
825 2638 902 2694 enim

63 2728 182 2797 propter
197 2721 283 2778 unius
299 2721 338 2778 M.
349 2721 449 2778 Manlii
466 2720 556 2778 scelus
576 2720 692 2776 decreto
709 2717 805 2794 gentis
824 2717 902 2774 Man·

63 2801 118 2857 liae
134 2802 278 2858 nerninem
295 2801 447 2878 patricium
465 2800 604 2857 Manlium
618 2799 746 2855 Marcum
760 2797 855 2855 vocari
872 2797 902 2853 li·

62 2887 117 2949 cet,
128 2881 168 2936 sic
181 2887 214 2938 tu
228 2889 346 2958 propter
359 2881 443 2938 nnius
457 2879 605 2937 dictatoris
620 2878 718 2935 odium
729 2897 835 2935 nomeu
846 2876 902 2933 dic·

63 2961 319 3018 tatoris'funditus
341 2960 488 3018 sustulisti.
532 2966 578 3017 33.
594 2959 672 3015 Num
693 2965 730 3029 te,
746 2976 812 3015 cum
833 2956 902 3013 haec

63 3058 117 3116 pro
132 3040 221 3098 salute
235 3041 420 3117 reipublicae
433 3046 515 3098 tanta
527 3039 669 3116 gessisses,
681 3038 814 3095 fortunae
828 3042 900 3105 tuae,

63 3139 133 3176 num
149 3120 355 3198 amplitudinis,
366 3139 436 3177 num
450 3120 599 3190 claritatis,
606 3138 684 3175 num
691 3113 920 3191 gloriasque&

61 3199 160 3257 tebatl
190 3200 277 3261 Unde
291 3201 383 3278 igitur
397 3201 501 3262 subito
513 3199 678 3260 tantaista
684 3186 853 3251 mosaicu-
865 3179 953 3229 W*
