1988 3480
301 115 379 166 cnr.
396 115 525 178 rx.-xr.,
541 114 556 176 1
571 118 661 167 aare.
869 122 901 170 11

64 220 193 279 Nanctus
208 240 237 278 es
252 240 285 278 111
296 220 416 297 perditis
430 226 516 298 atque
530 219 566 278 ab
581 221 660 278 omni
671 241 728 278 non
742 222 831 280 modo
845 223 900 280 for·

63 296 252 372 1111111111
269 301 355 357 etiam
373 320 423 377 spe
437 300 578 357 derelictis
593 300 745 358 conflatam
759 302 902 378 improbo-

62 402 126 439 rum
140 400 267 438 manum.
301 385 347 437 26.
360 380 417 436 Hic
428 386 460 436 tu
476 399 531 456 qna
544 380 652 437 laetitia
662 382 823 458 perfruere!
842 383 902 459 qui-

62 462 116 519 bus
132 462 245 539 gaudiis
263 459 432 517 exsultabis!
455 467 561 537 quanta
577 460 607 516 in
622 460 768 537 voluptate
785 461 902 520 baccha-

62 542 137 613 bere,
153 562 218 600 curn
243 541 273 596 in
297 546 378 597 tanto
403 558 522 596 numero
546 546 661 596 tuorum
687 559 779 618 neque
803 543 902 600 audies

62 623 155 678 virum
169 622 277 678 bonum
292 638 465 697 quemquam
482 638 573 696 neque
588 619 712 677 videbis!
754 620 802 678 Ad
817 621 900 679 huius

62 701 137 758 vitae
154 701 281 758 studium
298 699 430 774 meditati
444 698 485 755 illi
499 706 566 755 sunt
581 699 629 775 qui
646 699 778 756 feruntur
791 700 901 759 labores

62 781 113 853 tui,
125 782 214 839 iacere
228 780 310 838 humi
324 799 382 836 non
398 779 490 836 solum
505 779 542 835 ad
556 778 745 836 obsidendum
760 788 899 855 stuprum,

62 881 159 918 verum
177 862 263 918 etiam
280 861 317 917 ad
333 860 446 917 facinus
463 859 636 930 obeundum,
648 859 763 935 vigilare
782 879 841 916 nou
858 880 901 917 so-

62 940 120 997 lum
130 941 312 998 insidiantem
322 960 424 997 somno
433 940 712 1008 maritorum,vcru1n
722 939 808 996 etiam
817 939 901 998 bouis

62 1021 226 1078 otiosorum.
269 1021 367 1078 Habes
385 1021 434 1077 ubi
452 1025 577 1076 ostentes
594 1019 671 1075 illam
686 1025 765 1075 tuam
779 1020 900 1096 praecla·

61 1120 121 1158 ram
146 1101 313 1177 patientiam
338 1101 432 1171 famis,
447 1099 571 1176 frigoris,
588 1099 702 1176 inopiae
726 1118 901 1157 111111111-

61 1181 150 1253 nium,
163 1181 265 1256 quibus
284 1188 312 1238 11
331 1181 410 1237 brevi
426 1188 556 1255 ternpore
578 1179 741 1236 confectum
759 1199 819 1236 esse
840 1199 900 1236 sen·

60 1260 121 1318 ties.
165 1262 211 1319 27.
227 1261 352 1318 Tantum
372 1260 490 1337 profeci,
503 1279 568 1317 cum
588 1266 617 1316 te
636 1279 653 1316 a
671 1259 820 1316 consulatu
839 1279 900 1336 rep

61 1341 129 1416 puli,
146 1348 178 1398 ut
198 1341 276 1397 exsul
297 1340 394 1416 potius
414 1347 554 1416 temptare
577 1359 662 1415 quam
679 1338 778 1395 consul
800 1359 899 1396 vexare

61 1440 121 1476 rem
142 1420 285 1497 publicam
306 1439 412 1496 possea,
428 1426 513 1495 atque
530 1426 562 1476 ut
583 1420 621 1489 id,
638 1419 716 1495 quod
737 1426 779 1475 est
800 1419 899 1477 abste

62 1499 193 1555 scelerate
208 1505 379 1575 susceptum,
392 1498 572 1555 latrocinium
583 1499 680 1575 potius
695 1518 780 1575 quarn
791 1498 898 1556 bellurn

62 1578 263 1634 nominaretur.

101 1657 153 1713 ΧΙ.
176 1657 269 1727 Ν111,
287 1663 320 1713 11
340 1675 358 1712 1
376 1676 432 1726 me,
450 1663 544 1732 patres
567 1657 728 1732 conscripti,
745 1657 898 1733 quamdam

61 1756 150 1813 prope
171 1737 275 1793 iustam
295 1736 404 1814 patriae
426 1736 633 1814 querimoniam
655 1737 778 1793 detester
799 1756 831 1794 ac
852 1738 898 1794 de

60 1836 165 1894 precer,
177 1817 323 1901 percipite,
336 1835 448 1893 quaeso,
462 1816 613 1893 diligenter
626 1826 698 1892 quae
713 1817 806 1873 dicam
823 1824 852 1874 11
866 1838 898 1875 aa

60 1897 174 1972 penitus
183 1897 285 1953 animis
294 1897 394 1953 vestris
402 1896 602 1973 mentibusque
611 1896 752 1954 mandate.
781 1897 897 1954 Etenim

61 1977 84 2032 si
96 1996 206 2033 meeum
218 1976 318 2052 patria,
329 1995 400 2053 quae
411 1975 483 2032 mihi
494 1977 552 2032 vita
566 1996 630 2033 mea
640 1977 732 2033 multo
744 1984 787 2034 est
798 1979 896 2050 carior,

61 2057 84 2114 si
101 2064 203 2113 cuncta
219 2057 347 2128 11111111
364 2056 458 2112 omnis
474 2075 518 2113 res
534 2055 649 2133 publica
666 2051 732 2134 [sic]
747 2057 896 2135 loquatur:

61 2136 116 2194 ιΜ.
128 2136 212 2207 Tulli,
225 2136 295 2213 quid
309 2137 387 2213 agis?
427 2135 508 2192 Tune
523 2156 597 2208 eum,
611 2156 695 2214 qucrn
710 2157 770 2194 csse
784 2138 896 2196 hostem

60 2217 231 2292 comperisti,
248 2235 332 2292 quem
352 2216 454 2272 ducem
473 2216 540 2273 belli
559 2216 689 2273 futurum
708 2218 795 2290 videa,
812 2238 896 2295 quem

60 2296 216 2372 exspectari
240 2297 440 2372 imperatorem
467 2296 498 2352 in
522 2297 621 2353 castris
647 2296 774 2354 hostium
799 2299 895 2368 sentia,

50 2383 203 2432 ¹auctorem
225 2376 343 2446 sceleris,
361 2375 520 2452 principem
541 2377 753 2448 coniurationis,
769 2386 896 2434 evocato-

59 2475 118 2512 rem
133 2475 277 2512 servorum
292 2462 321 2512 et
335 2455 440 2512 civium
454 2456 640 2532 perditorum,
651 2457 726 2513 exire
740 2457 897 2532 1111111111

59 2535 154 2592 abste
171 2555 229 2592 uon
247 2535 365 2591 emissus
382 2555 416 2592 ex
433 2535 510 2605 urbe,
523 2535 573 2592 sed
589 2536 734 2592 immissus
750 2537 779 2592 11
797 2537 895 2594 urbem

59 2634 119 2671 esse
132 2615 279 2672 videaturl
320 2615 423 2671 Nonne
437 2615 513 2672 hunc
528 2616 558 2671 in
572 2615 684 2672 tincula
698 2616 772 2687 duci,
785 2635 843 2673 non
860 2617 896 2673 ad

32 2704 33 2708 ’
58 2701 181 2751 mortem
197 2695 266 2770 rapi,
279 2714 337 2751 non
355 2714 468 2750 summo
486 2695 626 2770 supplicio
643 2697 761 2753 mactari
777 2696 897 2773 impera-

59 2773 121 2830 bisl
163 2780 208 2831 28.
232 2773 309 2841 Quid
324 2774 441 2831 tandem
459 2780 488 2831 te
506 2775 647 2851 impediti
687 2775 788 2834 Mosne
809 2777 896 2833 maio·

59 2854 141 2909 ruml
181 2853 223 2909 At
238 2872 372 2930 persaepe
392 2854 478 2910 etiarn
495 2855 598 2930 privati
615 2855 645 2911 in
661 2854 714 2912 hac
733 2876 763 2913 re
781 2856 895 2933 publica

59 2933 232 3008 perniciosos
246 2933 321 2990 cives
331 2940 423 2990 morte
434 2934 633 3000 multaverunt.
669 2934 718 2991 An
728 2936 813 3012 leges
824 2955 895 3012 quae

58 3012 94 3068 de
108 3012 214 3069 civium
228 3011 423 3069 Romanorum
441 3013 581 3090 supplicio
598 3021 714 3090 rogatae
729 3017 813 3073 suntl
853 3015 895 3071 At

59 3111 214 3169 numquam
234 3093 264 3148 in
283 3092 336 3149 hac
356 3093 427 3150 urbe
448 3094 502 3171 1111
517 3094 727 3167 1111111111
739 3095 919 3168 notassem

56 3173 163 3235 civium
191 3174 256 3234 iura
282 3180 455 3234 tenuerunt.
508 3173 561 3231 lm
577 3170 735 3227 ’1111111111
754 3158 942 3228 nossemus
