1988 3480
312 125 536 200 oar.1v.7vr.‚
552 124 567 185 s
581 127 654 177 a-ra.
672 165 674 169 .
872 131 905 178 aa
933 191 935 194 Α

65 227 170 284 ameria
186 245 272 303 quam
288 246 355 302 vera
374 227 449 286 male
468 227 582 286 dicendi
603 227 725 286 facultas
742 229 777 286 de
794 229 853 286 vita
872 229 903 288 L.

64 306 199 363 Murenae
216 306 310 364 dicere
326 307 436 384 aliquid
451 308 587 384 coegerit.
630 307 751 366 Obiecta
767 315 810 367 est
827 309 904 366 enim

64 385 150 443 Asia:
173 404 246 462 quae
264 385 372 444 abhoc
391 406 450 444 non
469 387 506 444 ad
522 388 699 465 voluptatem
719 396 747 446 et
763 388 904 453 luxuriam

62 465 191 542 expetita
211 472 262 537 eet,
278 466 329 523 sed
346 467 377 523 in
397 467 516 525 militari
534 467 629 525 labore
650 475 804 544 peragrata
848 468 905 536 Qui

63 545 89 602 si
99 545 263 602 adolescens
273 553 353 623 patre
368 566 420 604 suo
432 547 602 624 imperatore
616 566 674 603 non
689 549 845 618 meruisset,
855 556 904 606 aut

64 625 177 682 hostem
197 632 247 683 aut
263 627 352 703 patris
369 627 522 703 imperium
539 627 667 683 timuisse
688 633 739 683 aut
754 646 772 684 a
787 636 904 703 parente

64 705 230 781 repudiatus
240 706 391 765 videretur.
429 705 478 763 An
489 725 555 763 cum
566 706 663 763 sedere
674 706 704 762 in
716 707 796 783 equis
806 707 906 764 trium-

64 785 217 864 phantium
236 786 407 863 praetextati
427 786 610 863 potissimum
631 785 684 844 filii
704 785 822 857 soleant,
837 785 925 853 huicv

65 864 149 922 donis
162 866 333 924 militaribus
347 866 437 944 patris
450 865 630 943 triumphum
644 866 777 924 decorare
792 866 905 942 fugien-

65 944 134 1002 dum
145 946 211 1016 fuit,
223 965 260 1004 ne
273 947 304 1003 in
317 946 402 1005 rebus
416 947 608 1004 communiter
617 946 705 1023 gestis
719 964 808 1022 paene
819 945 904 1010 simul

64 1043 130 1081 cum
154 1033 235 1102 patre
258 1027 467 1104 triumpharet?
509 1032 554 1084 12.
573 1026 631 1083 Hic
652 1044 728 1097 vcro,
743 1026 859 1097 iudices,
875 1033 904 1084 ot

64 1104 122 1162 fuit
142 1105 172 1162 in
188 1105 260 1163 Asia
280 1112 309 1164 et
325 1107 387 1163 viro
406 1107 573 1177 fortissimo,
589 1106 700 1183 parenti
722 1125 782 1176 suo,
797 1125 903 1182 magno

64 1185 230 1243 adiumento
247 1186 278 1243 in
294 1186 435 1263 periculis,
448 1186 553 1244 solacio
571 1186 600 1242 in
617 1185 770 1256 laboribus,
782 1185 904 1261 gratula-

64 1264 137 1320 tioni
151 1265 181 1322 in
195 1266 316 1323 victoria
328 1266 394 1324 fuit
436 1266 475 1323 Et
489 1267 513 1323 si
527 1265 614 1322 habet
627 1264 699 1322 Asia
715 1265 903 1341 suspitionem

64 1342 190 1402 luxuriae
201 1345 363 1421 quamdam,
375 1364 434 1402 non
445 1346 546 1403 Asiam
560 1364 717 1421 numquam
729 1345 841 1415 vidisse,
854 1345 904 1403 sed

64 1422 95 1478 in
113 1422 185 1480 Asia
204 1425 385 1481 continenter
400 1425 503 1482 vixisse
520 1425 695 1481 laudandum
717 1430 767 1482 est.
810 1424 903 1492 Quam

65 1500 102 1558 ob
117 1520 176 1559 rem
191 1521 250 1559 non
261 1503 348 1560 Asiae
362 1522 467 1560 nornen
482 1503 675 1561 obiiciendum
687 1503 822 1561 Murenae
836 1504 901 1574 ruit,

64 1600 99 1637 ex
114 1600 170 1657 qua
183 1581 243 1638 laus
257 1582 390 1653 familiae,
399 1583 537 1639 memoria
550 1583 655 1658 generi,
663 1583 756 1639 honos
771 1591 799 1640 et
813 1584 905 1660 gloria

65 1661 176 1718 nomini
197 1662 353 1718 constituta
373 1668 424 1731 est,
437 1662 487 1719 sed
503 1662 621 1739 aliquod
637 1668 688 1719 aut
707 1663 738 1718 in
759 1662 830 1719 Asia
846 1683 904 1719 sus-

64 1747 180 1817 ceptum
194 1747 244 1799 aut
255 1761 289 1798 ex
300 1741 371 1798 Asia
381 1741 563 1818 deportatum
574 1740 717 1818 flagitium
728 1761 759 1799 ac
771 1742 900 1800 dedecus.

64 1819 201 1878 Meruisse
214 1840 281 1878 vero
296 1821 439 1898 stipendia
452 1821 482 1877 in
499 1840 533 1878 eo
547 1821 631 1891 belle,
644 1822 799 1898 quod-tum
813 1841 904 1899 popu-

64 1899 107 1956 lus
121 1900 268 1958 Romanus
284 1919 343 1958 non
359 1900 448 1958 modo
464 1901 631 1972 maximum,
643 1901 694 1959 sed
708 1901 795 1959 etiam
810 1902 902 1959 solum

63 1980 187 2056 gerebat,
202 1981 325 2052 virtutis,
342 1987 423 2057 patre
444 1980 615 2057 imperatore
635 1980 823 2039 libentissime
845 2000 903 2039 me

63 2061 151 2118 ruisse
170 2060 293 2137 pietatis,
308 2059 395 2118 finem
416 2060 625 2136 stipendiorum
646 2061 736 2138 patris
752 2061 901 2118 victoriam

62 2159 95 2196 ae
109 2140 288 2217 triumphum
302 2140 391 2197 fuisse
404 2139 551 2197 felicitatis
565 2140 629 2198 fuit
672 2140 826 2197 Maledicto
843 2140 903 2216 qui-

63 2218 128 2276 dem
140 2220 246 2276 idcirco
261 2219 334 2276 nihil
344 2220 375 2276 in
388 2219 467 2276 hisce
480 2219 564 2277 rebus
578 2219 634 2277 loci
648 2226 699 2291 est,
712 2219 791 2297 quod
805 2219 902 2275 omnia

63 2297 124 2356 laus
138 2300 294 2375 occupavit.
791 2364 794 2369 ,

104 2378 155 2435 VI.
193 2384 239 2434 13.
261 2378 432 2436 Saltatorem
456 2377 581 2455 appellat
601 2378 631 2435 L.
648 2378 796 2436 Murenam
818 2378 899 2435 Cato.

63 2456 249 2515 Maledictum
266 2464 316 2529 est,
329 2458 353 2514 si
367 2477 431 2515 vere
446 2458 587 2529 obiicitur,
599 2457 776 2515 vehementis
790 2477 903 2514 accusa-

62 2537 149 2595 toris:
171 2537 216 2594 sin
229 2538 311 2608 false,
323 2537 455 2595 maledici
469 2538 671 2594 convitiatoris.
714 2536 778 2604 Qua
791 2556 821 2593 re
836 2556 901 2593 cum

63 2615 118 2673 ista
132 2617 169 2672 sis
186 2617 363 2688 auctoritate,
375 2636 434 2675 non
451 2617 545 2687 debes,
558 2617 660 2687 Marce,
673 2616 801 2694 adripere
816 2617 902 2674 male-

64 2695 174 2752 dictum
195 2716 230 2752 ex
249 2697 334 2754 trivio
356 2704 405 2754 aut
425 2716 460 2754 ex
481 2714 638 2753 scurrarum
660 2696 755 2773 aliquo
774 2697 900 2754 convitio

63 2793 156 2851 neque
176 2781 282 2833 temere
303 2777 449 2834 consulem
470 2776 570 2853 populi
591 2775 715 2832 Romani
737 2776 900 2834 saltatorem

63 2873 172 2925 vocare,
185 2855 235 2912 sed
250 2855 466 2933 circumspicere
484 2855 587 2932 quibus
602 2863 747 2932 praeterea
760 2857 837 2914 vitiis
854 2857 902 2913 ad-

63 2934 171 2991 fectum
187 2954 246 2992 esse
260 2954 372 2992 neeesse
387 2937 424 2994 sit
435 2955 508 3006 eum,
518 2935 564 2992 eui
574 2954 638 2992 vere
652 2936 730 2992 istud
741 2935 827 2993 obiici
837 2955 902 3013 pos-

64 3014 107 3071 sit.
151 3013 245 3072 Nemo
267 3015 343 3072 euim
365 3016 426 3073 fere
448 3015 532 3073 saltat
553 3014 671 3085 sobrina,
687 3016 741 3071 nisi
763 3016 839 3072 forte
860 3015 902 3071 in-

64 3094 144 3165 sanit,
160 3114 252 3172 neque
268 3095 300 3151 in
321 3094 474 3153 solitudine
495 3114 586 3172 neque
603 3095 633 3151 in
653 3095 784 3152 convivio
804 3095 902 3152 modo
940 3118 943 3122 “

61 3179 124 3233 rato
149 3180 234 3253 atque
258 3174 388 3234 honesto,
430 3173 611 3254 Tempestiui
637 3175 781 3242 couuiiix,
799 3169 934 3229 amoena
