1988 3480
169 96 216 139 ’.Ἠ
248 92 283 141 ts·
300 92 336 141 u.
348 88 539 139 nuruuu'u
554 88 689 137 umt'l'm
705 86 923 135 PHILIPPICA
939 86 980 135 XI

171 192 256 253 illam.
269 212 340 269 «pute
362 191 460 247 nlieto
476 190 606 246 Antonio
622 208 652 245 se
673 187 742 244 olim
764 207 832 244 etun
851 186 962 245 Ilattia
982 187 990 244 l

170 274 255 345 ssione
269 272 426 333 «uoluunt.
439 282 464 327 et
481 270 642 347 septiumm.
655 288 726 345 qttae
743 268 907 324 eonstituta
921 288 959 325 ex
974 288 991 325 v

171 352 275 408 temnis¹
291 351 386 407 denuit
408 350 460 405 boe
478 349 587 425 plodio
605 347 744 405 militibus
761 348 806 409 iis.
817 348 869 423 qui
886 348 981 405 (laem

172 430 307 487 inonrtieia
318 440 482 491 servassent.
491 438 604 483 senatus
614 426 768 504 populique
779 426 906 484 llemmui
917 448 988 485 eam

173 529 276 566 ooinen
291 532 358 567 esse.
404 508 456 565 un·
471 508 572 579 viginti
590 505 990 584 ‹·‹›tn›nttnn,1mtloequitat

175 590 285 647 lliuius¹
303 590 363 667 ipse
383 588 507 665 aquilam
526 596 642 664 qttartae
659 585 780 659 legionis
799 605 867 642 eum
887 587 982 644 infert·

173 691 227 747 quo
249 670 353 726 nullius
370 667 538 746 puleriorem
561 667 684 743 speeiem
704 666 888 742 imperatoris
909 686 979 725 aeee

174 771 244 813 inus,
254 770 319 806 eum
332 750 423 805 tribus
434 747 555 803 Antonii
570 745 732 823 legionibus
745 746 939 823 equitatuque
954 767 990 804 eo

174 830 254 896 unit,
268 830 419 905 hostesque
441 827 572 895 nefarios,
588 826 655 882 huie
672 825 749 882 levis
769 825 875 902 optimi
898 828 989 883 umxb

182 909 328 985 eterisque
343 908 460 964 deorum
477 905 681 963 iminottalium
696 904 819 982 templis,
829 905 913 962 urbis
923 914 984 964 teet

175 988 296 1044 libertati
318 986 418 1063 populi
441 986 572 1049 Rotnani,
591 995 705 1042 nostrae
725 985 800 1041 vitae
823 986 983 1064 sauguiniq

175 1068 355 1123 innninentes
376 1066 537 1142 prostravit,
550 1065 636 1135 fudit,
648 1064 762 1132 oceidit,
774 1071 808 1120 ut·
829 1084 899 1121 emn
921 1067 990 1123 adm

174 1148 242 1203 dum
260 1146 366 1224 paneis,
378 1154 463 1201 noete
482 1154 582 1213 teetus,
595 1155 674 1201 metu
694 1144 870 1221 perterritus,
883 1146 994 1222 prinae

176 1228 315 1284 latronum
333 1226 448 1302 duxque
468 1224 582 1299 fugerit.
624 1224 652 1281 Ο
668 1224 757 1281 solem
774 1223 871 1300 ipsum
892 1225 981 1283 beati..

175 1327 262 1371 mum,
276 1307 333 1383 qui,
345 1314 412 1363 ante
429 1325 514 1381 quam
532 1326 562 1361 se
582 1303 707 1375 abderet,
718 1304 814 1361 stridis
830 1303 986 1363 cadaverib

175 1386 378 1463 parricidarum
389 1403 454 1441 eum
466 1385 565 1461 paucis
578 1384 739 1459 fugientem
750 1383 824 1440 vidit
835 1384 982 1442 Antonitu

175 1474 221 1522 uti.
239 1467 285 1522 An
301 1485 366 1521 vero
381 1465 531 1541 quisquam
546 1462 692 1520 dubitabit
707 1462 850 1540 appellare
864 1464 990 1522 Caesare

175 1546 394 1622 imperatorem?
428 1544 518 1601 Aetas
532 1544 592 1600 eius
605 1550 681 1599 certe
695 1542 798 1600 abbae
812 1545 960 1602 seut-entia

175 1626 282 1681 minem
304 1623 466 1693 deterrebit,
478 1624 593 1700 quand)
610 1622 727 1700 quidem
744 1623 851 1680 virtute
871 1643 993 1702 superat

175 1712 305 1762 aetatem.
338 1704 382 1760 Ae
393 1703 465 1759 mihi
477 1723 589 1780 semper
597 1723 630 1760 eo
639 1703 748 1759 maiora
758 1702 898 1760 beneficia
908 1706 943 1762 G.
967 1706 986 1763 *i

176 1786 245 1841 sanis
259 1785 318 1841 visa
335 1791 410 1868 quot,
422 1803 480 1859 quo
496 1784 592 1839 miuus
605 1789 686 1839 eraut
702 1781 738 1838 ab
752 1788 844 1839 aetate
858 1782 909 1841 illa
923 1794 991 1861 post

177 1865 277 1922 landa:
300 1864 345 1920 eui
360 1882 424 1920 eum
441 1863 593 1939 imperium
610 1861 756 1931 dabamus,
766 1861 869 1919 eodem
881 1869 992 1942 ¹tempo

177 1944 261 2000 etituu
285 1962 363 2019 spem
386 1943 446 1998 eius
467 1943 593 1998 nominis
613 1941 829 1999 deferebamus:
852 1944 934 2019 quod
954 1964 990 2002 eu

177 2031 219 2079 est
234 2029 409 2090 consecutus,
421 2022 620 2077 auctoritatem
632 2020 739 2078 decret-i
752 2021 843 2079 nost-ri
858 2022 947 2081 rebus
960 2044 994 2101 gi

178 2103 214 2159 tis
231 2102 289 2157 suis
310 2098 514 2175 comprobavit.
551 2099 608 2156 Hic
629 2120 697 2177 erge
718 2101 883 2159 adolescens
898 2106 990 2173 masii

177 2181 273 2251 animi,
287 2188 318 2237 ut
334 2179 476 2237 verissime
497 2179 596 2237 seiibit
613 2179 734 2250 Hirtius,
750 2188 842 2239 eastra
861 2183 989 2253 multam

178 2262 322 2337 legionum
334 2259 432 2337 ptuteis
446 2259 612 2317 colunt-ibus
625 2267 736 2317 tutatus
750 2269 793 2318 est
804 2262 985 2341 seeundumq

179 2341 318 2419 proelium
335 2342 412 2398 feeit.
458 2340 500 2398 lta
516 2342 603 2398 trium
621 2340 826 2416 imperatorum
843 2343 947 2419 populi
965 2344 992 2401 R-

179 2423 255 2479 mani
267 2423 381 2491 virtute,
392 2420 520 2489 consilio,
531 2421 669 2478 felicitate
680 2439 738 2477 uno
750 2420 797 2478 die
807 2421 878 2479 loeis
888 2421 988 2499 plurib

179 2522 223 2558 res
237 2501 351 2577 publiea
365 2507 407 2557 est
421 2508 593 2557 conservata.
635 2499 688 2556 XI.
721 2506 768 2557 29.
783 2501 915 2559 Decemo
930 2502 986 2579 igit

179 2600 276 2638 eorum
292 2580 378 2636 trimo
397 2578 513 2636 nomine
528 2580 736 2657 quinquaginta
753 2579 863 2638 dierum
879 2582 977 2658 suppli

179 2662 288 2717 tiones:
304 2665 451 2729 causaque
464 2658 760 2717 honorificentissimis
774 2658 867 2716 verbis
881 2678 991 2739 conseq

180 2750 308 2817 potuere,
320 2739 493 2816 complectar
507 2741 569 2816 ipsa
580 2740 727 2797 sententia

220 2820 272 2876 list
288 2827 384 2876 autem
401 2818 467 2876 fidei
485 2820 657 2896 pietatisque
674 2827 786 2875 nostrae
803 2817 945 2877 declarare
963 2820 992 2877 f·

180 2899 298 2956 tissitnis
323 2899 462 2956 militibus
483 2918 568 2975 quam
594 2917 734 2955 memores
758 2898 848 2955 simus
875 2918 983 2978 quamq

179 2979 262 3053 grati.
299 2977 390 3046 Quam
407 2977 445 3033 ob
459 2997 518 3034 nem
533 2977 672 3053 promissa
686 2984 783 3034 nostra
797 2985 882 3055 atque
896 2997 938 3049 ea,
947 2998 988 3056 qu

180 3058 341 3136 legionibus
349 3056 424 3114 bello
433 3057 565 3114 confecto
574 3056 731 3113 tributuros
740 3076 792 3113 nos
801 3058 987 3135 spopondinn

180 3138 319 3197 hodierno
329 3144 442 3195 senatus
453 3136 583 3193 consulto
593 3136 882 3193 tenovandaeenseo:
896 3157 992 3211 aetum
