1988 3480
105 117 135 164 18
212 115 262 163 DE
276 113 428 163 IMPERIO
446 113 500 162 CN.
517 113 669 162 POMPEII
686 113 829 162 ORATIO.

104 215 224 290 imperia
247 214 383 271 mandata
409 221 494 291 atque
519 215 658 271 exereitus
682 234 741 271 esse
765 216 940 275 eonnnissos.

106 295 171 350 Fuit
192 294 268 351 enim
289 294 420 370 profecto
442 293 612 371 quibusdam
633 295 752 351 summis
772 296 840 351 viris
861 317 943 372 01100

104 374 170 430 dam
188 374 225 431 ud
242 374 461 450 amplitudinem
478 381 507 430 et
521 373 558 430 ad
571 374 692 450 gloriam
709 382 738 431 et
754 376 848 432 adres
865 396 943 451 mag·
982 445 985 452 Ι

104 473 155 510 nas
171 453 243 510 bene
264 453 402 530 gerendas
418 454 556 511 divinitus
577 454 711 511 adiuncta
730 455 854 513 fortuna.
896 448 942 514 De

104 533 189 590 lrnius
203 540 299 590 autem
315 533 439 590 hominis
452 534 597 606 felicitate,
610 535 645 592 de
661 554 718 611 quo
732 554 807 591 nune
822 537 940 612 agimus

104 613 157 670 hae
172 620 236 671 utar
249 613 445 671 moderatione
460 614 582 684 dioendi,
597 634 655 671 non
671 615 745 672 utin
761 615 836 672 illius
850 623 943 692 potes

104 699 163 750 tate
179 694 326 751 fortunam
343 694 468 770 positam
485 713 544 751 esse
561 694 663 765 dicam,
679 695 729 752 sed
745 701 777 751 ut
790 697 943 771 praeterita

104 774 276 845 meminisse,
294 773 402 850 reliqna
422 792 533 850 sperare
554 773 708 844 videamur,
726 794 761 831 ne
783 783 832 831 ant
853 775 943 832 invisa

104 853 149 909 dis
162 852 373 911 immortalibus
384 854 474 910 oratio
489 859 586 910 nostra
596 860 645 910 ant
656 854 767 930 ingrata
781 874 840 910 esse
851 855 943 911 videa-

103 939 157 990 tur.
201 937 248 991 48.
265 933 365 1010 Itaque
382 952 441 990 non
458 953 521 991 sum
535 934 748 1010 praedicaturus
763 941 881 1010 quantas
896 934 942 991 ille

104 1032 133 1070 10
151 1013 231 1070 domi
248 1013 376 1085 militiae,
388 1021 463 1070 terra
478 1015 615 1090 marique,
628 1021 789 1090 quantaque
805 1014 942 1071 felicitate

104 1094 231 1169 gesserit,
243 1101 276 1150 ut
290 1094 350 1150 eius
365 1113 476 1170 semper
487 1093 681 1150 voluntatibus
694 1112 752 1150 non
766 1093 854 1149 modo
869 1095 943 1151 eires

104 1173 288 1244 adsenserint,
305 1173 375 1230 socii
393 1173 624 1249 obtemperarint,
637 1173 733 1230 hostes
755 1173 941 1245 oboedierint,

105 1253 155 1310 sed
172 1254 259 1311 etiam
273 1254 351 1310 venti
372 1259 613 1330 tempestatesque
631 1253 866 1310 obsecundarint:
888 1253 943 1310 hoe

104 1332 269 1390 brevissime
286 1333 388 1403 dicam,
404 1333 548 1389 neminem
565 1352 701 1409 umquam
718 1340 778 1390 tam
796 1333 944 1410 impuden-

104 1420 163 1469 tem
178 1413 275 1483 fuisse,
288 1413 337 1489 qui
354 1412 390 1469 ab
405 1412 449 1468 dis
464 1412 673 1468 immortalibus
689 1419 734 1469 tot
748 1420 776 1470 et
790 1420 884 1470 tantas
900 1433 943 1470 res

104 1493 209 1549 tacitus
227 1493 344 1549 auderet
361 1499 467 1569 optare,
480 1500 551 1569 quot
570 1499 598 1549 et
615 1499 734 1570 quantas
753 1494 944 1550 (1111111110ήο-

104 1573 145 1630 les
161 1573 198 1630 ad
213 1572 265 1630 Cn.
276 1572 449 1649 Pompeium
463 1572 633 1629 detulerunt.
672 1571 757 1640 Quod
774 1580 806 1630 ut
822 1573 864 1629 illi
880 1592 944 1649 pro-

104 1655 200 1730 prium
214 1673 246 1711 ae
260 1661 431 1730 perpetuum
446 1653 490 1724 sit,
502 1651 634 1723 Quirites,
647 1672 712 1709 enm
727 1654 886 1710 eommunis
904 1673 944 1709 sa-

104 1732 172 1791 lutis
191 1741 276 1810 atque
294 1734 406 1810 imperii
423 1740 486 1790 tum
504 1733 593 1808 ipsius
610 1732 737 1789 hominis
753 1752 844 1803 eausa,
860 1734 942 1790 sicuti

104 1813 207 1883 facitis,
220 1813 291 1871 velle
306 1821 334 1870 et
349 1819 447 1888 optare
462 1811 578 1868 debetis

146 1898 192 1950 49.
209 1891 302 1960 Quare
323 1911 389 1948 eum
408 1897 437 1947 et
455 1891 562 1947 bellum
580 1891 622 1948 ita
642 1892 679 1950 sit
700 1891 894 1963 necessarium,
910 1900 943 1950 ut

105 1973 212 2049 negligi
229 1991 288 2028 non
305 1971 404 2048 possit,
417 1970 458 2027 ita
473 1990 619 2046 magnum,
632 1979 664 2030 ut
681 1971 889 2029 accuratissime
907 1973 943 2028 sit

105 2052 371 2122 administrandum,
390 2057 419 2108 et
440 2051 550 2108 cumei
572 2051 773 2128 imperatorem
793 2051 943 2129 praeficere

105 2133 229 2208 possitis,
244 2133 275 2188 in
298 2150 354 2208 quo
376 2131 413 2187 sit
438 2131 543 2187 eximia
562 2131 629 2188 belli
651 2133 776 2204 seientia,
795 2132 943 2208 singularis

105 2213 202 2282 virt-ue,
219 2212 373 2269 clarissima
387 2211 548 2283 auctoritas,
564 2212 679 2288 egregia
698 2212 821 2282 fortuna,
834 2212 944 2269 dubita-

105 2292 151 2363 tis,
167 2291 300 2362 Quirites,
316 2293 385 2368 011111
406 2292 461 2348 hoe
482 2298 595 2348 tantum
616 2292 694 2363 boni,
710 2292 788 2368 quod
808 2292 889 2348 vobis
908 2291 943 2347 ab

106 2372 151 2428 dis
165 2372 374 2429 immortalibus
389 2372 517 2429 oblatum
532 2379 561 2428 et
575 2372 674 2428 datum
690 2379 740 2441 est,
756 2371 785 2426 in
800 2390 859 2426 rem
874 2370 944 2445 pub-

105 2451 189 2508 lieam
201 2453 421 2510 conservandam
434 2459 519 2529 atque
533 2451 762 2528 amplificandam
773 2449 944 2506 conferatis?

106 2531 204 2590 XVII.
241 2537 287 2589 50.
306 2531 391 2600 Quod
410 2533 434 2588 si
453 2533 562 2589 Romae
580 2531 631 2588 Cn.
645 2530 801 2605 Pompeius
817 2529 944 2604 privatus

107 2618 180 2669 esset
193 2611 249 2668 hoe
265 2619 403 2688 tempore,
415 2619 511 2669 tamen
533 2613 569 2669 ad
586 2617 700 2668 tantum
718 2607 822 2664 bellum
844 2607 868 2663 is
885 2614 945 2664 erat

107 2689 274 2766 deligendus
295 2698 380 2768 atque
400 2692 574 2750 mittendus:
598 2709 674 2746 nune
695 2707 761 2745 eum
782 2687 818 2743 ad
839 2693 944 2744 ceteras

107 2789 233 2826 summas
253 2772 391 2845 utilitates
407 2771 477 2829 haee
494 2789 609 2848 quoque
630 2767 830 2846 opportunitas
847 2768 945 2824 adinn-

107 2856 198 2924 gatur,
211 2858 243 2907 ut
257 2851 287 2906 in
300 2851 336 2907 iis
350 2851 420 2927 ipsis
433 2851 504 2908 loeis
517 2851 599 2919 adsit,
615 2856 648 2905 ut
662 2848 766 2906 habeat
780 2849 943 2918 exereitum,

107 2936 139 2986 ut
154 2929 189 2986 ab
204 2931 246 3001 iis,
260 2930 309 3007 qui
322 2930 437 3002 habent,
449 2931 575 3006 aeeipere
591 2929 688 2985 statim
705 2929 803 3005 possit,
817 2929 886 3006 quid
900 2948 944 2984 ex-

107 3011 286 3085 spectamus?
310 3019 360 3068 aut
381 3030 430 3067 0111
450 3029 508 3066 non
530 3008 650 3066 ducibus
671 3010 716 3066 dis
736 3008 945 3067 immortalibus

106 3089 209 3161 eidem,
220 3091 266 3148 eui
277 3097 370 3148 cetera
380 3109 492 3147 summa
503 3108 568 3146 enm
579 3089 669 3146 salute
680 3091 720 3147 101
729 3091 858 3167 publicae
870 3107 944 3144 eom-

99 3168 189 3225 missa
195 3176 271 3243 sunt,
285 3170 341 3228 boe
353 3189 467 3249 quoque
476 3169 584 3228 bellum
593 3170 708 3246 regium
719 3165 951 3228 committamnsl
