1988 3480
87 120 136 167 212
236 116 305 165 Pae
324 114 418 165 REGE
433 112 619 167 DEIOTARO
636 114 793 169 ORATIO.

87 238 146 274 mm
157 235 300 273 anrronnn
310 234 368 273 non
377 215 621 293 deponendorum,
631 214 684 274 scd
693 214 943 292 abiiciendomm,

88 298 163 353 iruuc
186 296 221 353 ad
246 316 339 352 meam
364 296 563 353 mrrtoritatem
587 313 646 352 nou
693 298 761 355 otui
788 299 942 370 adducere,

88 376 166 454 quod
180 383 207 432 et
223 377 284 452 ipse
300 375 417 433 ardebat
434 374 530 433 studio
547 374 623 431 iliius
639 315 709 431 beili
729 384 761 434 et
775 380 860 455 patri
878 388 942 437 saus

87 456 251 513 faciendum
267 476 326 513 esse
343 454 539 512 arbitrabatur.
576 453 654 511 Felix
668 454 728 512 ista
743 456 859 515 domus
873 478 939 537 quae

87 556 144 594 nou
169 537 370 613 impunitatem
396 534 488 592 solum
513 534 618 611 adepta
639 534 687 605 sit,
702 535 759 592 sed
783 537 937 596 accusandi

87 617 173 674 etiruu
186 617 346 673 licentiam:
367 615 548 671 calamitosus
558 613 714 671 Deiotarus
729 617 783 693 qui
798 624 833 675 et
847 618 886 676 ab
899 638 939 688 ee,

87 698 136 774 qui
152 697 180 753 iu
197 697 297 753 iisdem
313 696 412 752 cast-ris
426 695 521 765 fucrit,
534 693 548 770 †
563 711 620 749 uon
635 693 725 751 medo
741 696 826 774 apud
841 705 882 769 te,
892 697 940 756 scd

86 778 173 834 etium
188 798 205 833 a
219 777 278 832 siris
291 775 453 832 accusetur!
484 773 547 831 Vos
557 779 650 831 vestra
663 775 796 833 secunda
808 777 937 849 fortuna,

86 858 196 923 Castor,
213 874 271 911 nou
292 855 414 931 potestis
435 854 495 911 siue
516 854 747 931 propinquorum
771 855 938 915 calamitate

87 956 146 993 ease
161 935 309 991 assentit

126 1013 179 1070 XI.
216 1019 262 1070 30.
279 1013 344 1069 Sint
364 1033 430 1071 sane
449 1013 625 1083 inimicitiae,
638 1030 711 1089 quae
728 1031 794 1073 esse
811 1034 875 1073 non
892 1016 937 1075 de

85 1093 206 1151 bebaut:
224 1112 273 1149 rex
288 1093 364 1149 enirn
378 1093 533 1151 Deiotarus
546 1100 668 1150 vestram
683 1093 829 1152 familiam
846 1095 936 1153 abiec-

86 1182 145 1232 tam
163 1181 192 1231 ct
207 1173 355 1230 obscuram
371 1194 386 1230 e.
400 1173 525 1230 tenebris
542 1174 571 1230 in
586 1172 677 1230 lucem
695 1175 850 1233 evocavit:
873 1176 936 1254 quis

86 1262 169 1313 tuum
180 1261 291 1332 patrem
302 1263 385 1310 autea
399 1254 463 1330 quis
477 1260 551 1310 esset
565 1272 650 1330 quam
665 1252 746 1310 euius
756 1272 852 1331 gener
862 1263 936 1314 esset

87 1335 215 1393 audiritt
256 1334 313 1391 Sed
327 1334 456 1410 quamvis
471 1333 582 1409 ingrate
598 1339 628 1390 ct
641 1332 731 1409 impie
745 1335 935 1393 uecessitudi-

87 1417 131 1473 nis
151 1434 254 1472 nomeu
274 1413 468 1490 repudiaretis,
482 1420 577 1469 tamen
597 1412 762 1469 inimicitias
777 1412 934 1472 hominum

87 1514 166 1551 more
190 1513 287 1569 gerere
304 1493 449 1570 poteratis,
468 1511 525 1548 uon
551 1491 618 1548 ficto
643 1490 762 1549 crimine
787 1493 933 1567 insectari,

87 1594 145 1631 nen
170 1581 301 1651 expetere
323 1573 421 1643 vitam,
442 1590 500 1628 non
526 1571 629 1648 capitis
649 1589 797 1630 arcessere.
842 1573 934 1633 Este:

88 1654 259 1711 concedatur
269 1653 338 1710 haec
353 1671 466 1730 queque
481 1651 619 1709 acerbitas
630 1659 658 1709 et
670 1650 730 1708 odii
741 1653 935 1728 magnitudo:

87 1735 203 1802 adeone,
219 1741 252 1791 ut
272 1733 370 1791 omnia
387 1733 463 1790 vitae
484 1731 639 1809 salutisque
658 1733 825 1790 eommunis
846 1741 936 1813 atque

88 1815 174 1871 etiam
196 1813 383 1870 humanitatis
405 1813 467 1870 iura
488 1811 648 1870 violentur?
685 1810 805 1870 Servum
830 1814 953 1873 sollici.

87 1900 147 1950 tare
167 1891 268 1962 verbis,
284 1911 333 1968 spe
358 1892 561 1969 promissisque
585 1911 773 1969 corrumpere,
788 1891 937 1954 abducere

88 1972 214 2039 domum,
231 1977 330 2027 contra
350 1972 501 2028 dominum
525 1991 642 2043 armare,
657 1972 713 2029 hoe
733 1979 777 2030 est
797 1991 859 2031 uon
882 1977 936 2034 uni

87 2050 259 2128 propinque,
269 2049 319 2105 sed
333 2050 467 2106 omnibus
482 2052 599 2109 familiis
613 2052 754 2110 nefarium
769 2051 880 2112 bellum
892 2057 936 2114 in·

88 2130 187 2186 dicere
222 2127 298 2184 Nam
312 2127 367 2185 ista
377 2130 537 2207 corruptela
548 2133 620 2189 servi
635 2133 659 2189 si
669 2151 726 2189 non
737 2131 825 2190 medo
838 2134 930 2213 impu·

87 2209 149 2267 nita
164 2208 259 2279 fuerit,
272 2208 323 2266 sed
339 2209 426 2266 etiam
443 2228 461 2267 a
476 2217 557 2268 tanta
573 2212 743 2270 auctoritate
759 2215 933 2290 approbata,

88 2289 158 2347 nulli
169 2289 291 2366 parietes
301 2296 428 2347 nostram
440 2290 569 2361 salutem,
578 2291 672 2350 nullae
684 2293 768 2368 leges,
778 2291 859 2351 nulla
868 2295 936 2355 iura

88 2369 258 2428 custodient
300 2369 361 2428 Ubi
376 2370 453 2427 enim
466 2370 507 2442 id,
519 2371 596 2448 qued
612 2373 690 2429 intus
704 2379 747 2429 est
763 2378 851 2450 atque
866 2393 936 2433 nos·

88 2457 173 2522 trum,
185 2450 303 2528 impune
317 2450 428 2509 evolare
441 2457 539 2528 potest
553 2459 708 2529 contraque
723 2471 776 2510 nos
788 2470 932 2530 pugnare,

88 2530 121 2587 fit
131 2532 160 2587 in
175 2531 325 2589 dominatu
340 2531 468 2602 servitus,
480 2531 510 2588 in
525 2531 659 2589 servitute
670 2532 842 2590 dominatus.
881 2540 931 2596 31.

88 2609 276 2687 Otemporal
296 2610 323 2668 O
339 2611 450 2669 morcsl
484 2611 536 2668 On.
545 2610 694 2668 Domitius
708 2611 763 2681 ille,
775 2631 860 2689 quem
875 2633 933 2672 nos

88 2690 169 2765 pueri
184 2690 337 2760 consulem,
347 2708 502 2761 censorem,
512 2687 677 2767 pontificem
688 2691 845 2747 maximum
856 2693 932 2751 vidi·

88 2786 161 2838 mus,
171 2788 237 2825 cum
253 2770 385 2827 tribunus
401 2768 494 2846 plebis
510 2769 548 2826 M.
561 2769 698 2827 Scaurum
716 2770 876 2847 principem
891 2774 932 2831 ci-

88 2847 186 2904 vitatis
196 2848 226 2904 in
237 2849 376 2906 iudicium
386 2848 488 2926 populi
498 2848 655 2906 vocavisset
666 2848 819 2926 Scaurique
830 2870 929 2910 servus

88 2926 202 2984 adeum
216 2927 289 2985 clam
298 2929 417 2986 domurn
428 2928 551 2986 venisset
562 2935 590 2985 et
600 2929 721 2985 crimina
734 2929 763 2984 in
775 2929 928 2988 dominum

89 3007 249 3065 delaturum
266 3028 296 3066 se
313 3028 372 3066 esse
389 3009 515 3079 dixisset,
527 3008 665 3085 prehendi
680 3007 826 3064 hominem
844 3009 930 3069 iussit

88 3087 125 3145 ad
137 3087 330 3167 Scaurumque
341 3088 450 3146 deduci.
484 3087 560 3145 Vide
572 3088 641 3165 quid
655 3087 861 3145 intersit—etsi
875 3089 930 3147 ini-

90 3187 145 3245 que
163 3168 312 3225 Castorem
334 3186 400 3225 cum
417 3167 549 3224 Domitio
570 3185 703 3239 compare
714 3165 931 3263 :Qasr
