1988 3480
69 116 116 159 ’ἐξω
146 111 181 159 lN
202 110 237 159 ll.
255 108 447 157 aurosum
464 106 603 157 ORATIO
623 108 860 160 PHILIPPICA
875 111 907 159 Il.

70 212 221 288 perti-inm,
233 218 263 265 nt
277 208 416 281 intelligat
428 214 568 285 qnantum
580 226 598 263 a
607 226 662 266 me
677 208 864 269 beneficium
875 219 928 268 tum

69 290 215 365 ειιϊυμψίῐ.
262 289 311 346 ll'.
331 288 372 345 :lt
393 288 478 345 otium
499 286 619 355 litteras,
635 308 713 366 quas
737 309 792 348 me
812 291 867 349 sibi
885 291 928 348 mi
951 283 954 293 ¹

69 391 137 425 son·
152 370 267 431 ‹liu-vnn,
278 369 405 425 recitarit
420 367 509 423 horno
523 373 552 423 et
567 364 776 427 humanitatis
792 390 893 449 expers
904 378 928 428 et

70 452 143 505 rime
165 449 326 505 vornnrnnis
344 448 465 521 ignums
508 445 580 514 Quis
601 447 686 504 enim
709 469 870 528 umquam,
885 451 927 528 qni

70 529 195 607 paullum
212 529 299 585 ruodo
314 528 454 583 lmnornm
469 525 716 584 consuet-udinem
734 538 849 602 nosset,
862 531 928 588 litte

70 630 113 666 rus
125 610 161 667 :nl
173 632 201 664 sn·
211 609 246 665 ult
256 609 348 665 annino
359 607 458 663 missas
469 605 629 662 offensione
640 606 749 685 aliqua
758 609 927 688 interposita

71 690 99 746 in
122 691 248 746 nnnlirnn
271 687 390 766 protulit
412 686 564 764 palamque
584 685 745 746 recitavit?
791 688 874 758 Quid
888 697 926 747 est

70 771 147 826 alind
165 770 263 827 tollore
284 789 318 824 ox
340 768 399 824 rita
416 767 490 823 ritae
504 766 683 837 societatem,
697 767 809 827 tollere
827 770 923 827 amieo

71 871 132 906 nnn
149 849 291 925 colloquia
305 847 485 903 absentium?
525 844 619 913 Quam
636 846 736 905 multa
752 849 824 907 ioea
838 850 925 908 solent

71 952 131 984 osso
150 930 177 984 in
196 927 331 1003 epistolis,
343 946 414 1003 qnam
433 925 543 1002 prolata
563 924 587 980 si
606 924 673 996 sint,
688 926 798 1004 inepta
816 929 924 987 videon

72 1009 133 1064 tur!
156 1026 239 1082 qnam
264 1006 353 1062 multa
372 1006 451 1075 seria,
464 1024 555 1082 neque
574 1011 672 1061 tamen
693 1006 757 1064 ullo
776 1009 871 1067 modo
887 1008 923 1066 di·

72 1086 231 1159 vulganda!
275 1094 300 1142 8.
317 1085 431 1142 sithoc
447 1084 682 1142 inhumanitatis:
707 1086 872 1146 stultitiam
885 1090 922 1145 in·

72 1166 235 1224 credibilem
253 1165 355 1222 ridete.
398 1164 476 1233 Quid
490 1163 577 1221 habes
592 1164 670 1242 quod
684 1166 762 1223 mihi
782 1187 920 1246 opponas,

73 1248 160 1304 lromo
175 1247 287 1316 diserte,
299 1255 332 1302 ut
343 1244 481 1302 Mustelae
496 1252 525 1302 et
535 1243 634 1301 ‘l'ironi
650 1263 711 1303 esse
723 1246 855 1306 videris?
875 1247 920 1325 qui

72 1348 137 1385 enm
153 1328 207 1384 lroe
222 1328 285 1404 ipso
295 1334 425 1402 ternpore
440 1331 516 1382 stent
526 1343 590 1381 eum
602 1323 707 1400 gladiis
719 1325 750 1382 in
761 1336 920 1406 conspectu

73 1416 194 1475 serratus,
205 1426 259 1482 ogo
271 1424 384 1483 qnoque
397 1412 426 1462 te
441 1404 578 1461 disertum
593 1402 711 1480 putabo,
722 1405 747 1462 si
759 1408 920 1466 ostenderis

74 1509 130 1564 qno
142 1487 229 1544 modo
244 1486 282 1543 sis
293 1505 341 1542 eos
355 1486 430 1542 inter
440 1484 555 1541 sicarios
566 1483 744 1542 defensurus.
778 1485 842 1544 Sed
854 1487 920 1565 quid

74 1586 203 1644 opponas
223 1567 349 1636 tandem,
361 1565 384 1621 si
403 1583 504 1641 negem
523 1583 570 1621 me
588 1583 727 1639 umquam
747 1565 786 1623 ad
804 1574 836 1625 te
853 1567 920 1624 istas

74 1647 181 1704 litterae
198 1647 327 1702 misisset
352 1664 409 1722 quo
426 1663 473 1701 me
489 1650 562 1701 teste
579 1643 752 1702 eont‘ineasl
793 1645 846 1704 An
864 1647 920 1704 ehi·

73 1727 232 1804 rographo?
253 1727 283 1783 in
295 1745 351 1803 qno
361 1724 448 1782 habes
459 1724 607 1781 seientiam
617 1729 832 1800 quaestuosum.
865 1727 920 1796 Qui

73 1808 183 1884 possisl
217 1807 291 1863 Sunt
308 1805 385 1863 enim
399 1803 506 1861 librarii
519 1824 614 1861 manu.
652 1802 714 1860 Iam
728 1803 849 1865 invideo
863 1827 920 1865 ma·

73 1888 163 1961 gistro
180 1895 239 1956 tuo,
253 1886 302 1962 qui
319 1893 348 1943 te
364 1891 447 1942 tanta
461 1883 600 1953 mercede,
613 1890 750 1961 quantam
774 1885 833 1943 iarn
857 1907 920 1965 pro

74 1968 172 2033 feram,
185 1964 256 2020 nihil
274 1984 372 2041 sapere
386 1964 495 2022 doeeat.
539 1970 565 2021 9.
581 1963 659 2033 Quid
673 1963 750 2022 enim
762 1975 808 2024 est
822 1969 920 2025 minus

74 2065 131 2101 non
149 2044 214 2100 dieo
232 2045 361 2116 oratoris,
373 2045 424 2102 sed
439 2044 566 2102 hominis
582 2064 668 2121 quarn
686 2044 717 2102 id
731 2044 859 2106 obiicere
873 2049 921 2106 ad-

75 2125 204 2194 versario,
217 2123 296 2200 quod
313 2124 359 2180 ille
377 2125 401 2181 si
417 2125 504 2182 verbo
521 2125 632 2201 negarit
648 2125 765 2202 longius
781 2129 920 2205 progredi

74 2224 132 2261 non
150 2204 241 2280 possit
261 2204 310 2280 qni
328 2205 481 2262 obiecerit?
521 2204 564 2263 At
580 2224 634 2281 ego
653 2225 712 2262 non
733 2225 820 2283 nego,
832 2218 921 2286 teque

75 2285 104 2341 in
122 2285 178 2342 isto
194 2285 257 2361 ipso
279 2285 418 2341 convinco
435 2304 495 2341 non
511 2285 736 2343 inhumanitatis·
748 2286 853 2359 solum,
870 2289 921 2347 sed

75 2365 162 2422 etiarn
176 2367 324 2422 amentiae.
367 2364 452 2432 Quod
467 2364 544 2422 enirn
558 2365 677 2423 verbum
691 2366 721 2422 in
735 2366 922 2426 istislitteris

76 2454 119 2502 est
139 2465 197 2502 non
218 2445 336 2522 plenum
360 2444 556 2516 humanitatis,
572 2445 667 2515 officii,
682 2445 921 2506 benevolentiael

76 2527 169 2583 Omne
186 2533 281 2582 autem
299 2525 406 2582 crimen
420 2532 503 2582 tuum
518 2533 570 2596 est,
583 2525 661 2602 quod
676 2525 711 2582 de
725 2532 754 2582 te
769 2520 798 2582 iri
814 2526 860 2584 his
875 2528 922 2586 lit

76 2605 144 2662 teris
165 2624 223 2662 non
244 2604 317 2662 male
338 2605 508 2677 existimem,
525 2606 603 2683 quod
625 2605 745 2662 scribam
768 2614 920 2683 tamquam

76 2685 112 2741 ad
130 2685 230 2755 civem,
240 2692 391 2762 tamqnam
405 2687 441 2743 ad
457 2685 567 2744 bonum
582 2685 920 2762 virum,n0ntan1quam

77 2765 113 2822 ad
127 2764 293 2822 sceleratum
309 2773 337 2823 et
347 2766 495 2824 latronem.
531 2765 574 2823 At
590 2784 644 2841 ego
658 2771 721 2820 tuas
736 2764 852 2836 litterae,
864 2768 921 2824 etsi

77 2845 136 2902 inre
159 2852 289 2921 poteram
310 2866 327 2902 a
347 2854 375 2904 te
392 2846 545 2915 lacessitus,
556 2852 652 2902 tamen
675 2864 732 2900 non
753 2845 919 2921 proferam:

78 2926 180 3002 quibus
196 2927 271 3002 petis
288 2933 321 2983 ut
337 2925 390 2983 tibi
406 2945 457 3002 per
478 2946 524 2982 rne
540 2925 624 2983 liceat
645 2924 798 3001 quemdam
816 2925 852 2981 de
872 2946 920 2983 ex-

78 3006 141 3062 silio
162 3005 303 3075 reducere,
315 3005 483 3082 adiurasque
500 3006 531 3062 id
551 3014 579 3063 te
601 3005 691 3061 invito
712 3024 758 3060 me
776 3024 834 3060 non
856 3025 918 3063 esse

78 3086 230 3156 laetorum,
244 3086 327 3161 idque
342 3104 359 3141 a
376 3105 421 3141 nne
438 3086 581 3161 impetras.
624 3084 702 3153 Quid
718 3084 794 3141 enirn
812 3104 858 3140 nne
877 3085 918 3141 in-

78 3172 256 3243 terponerem
282 3164 415 3221 audaeiae
442 3174 516 3237 tuae,
537 3185 624 3242 quum
647 3184 741 3238 neque
763 3163 921 3218 auotoritas
