1988 3480
251 397 294 459 M.
317 397 463 460 runnu
494 361 735 482 orounours

73 552 231 630 ORATIO
266 552 384 640 QUAM
416 550 585 625 ¹HABUIT
617 550 675 623 Al)
710 549 912 626 POPULUM

97 676 301 754 POSTlllDlll
326 675 440 764 QUAM
465 674 657 750 CATlllllA
681 674 894 751 PlllllUGl'l..

280 949 282 953 ’
324 953 663 1004 ARGUMENTUM.

108 1055 172 1104 Cum
189 1069 219 1103 ea
235 1053 323 1114 oratio,
338 1067 414 1115 quam
430 1053 466 1100 M.
479 1051 576 1100 Tullius
593 1052 620 1099 in
637 1061 725 1100 senatu
742 1052 768 1099 in
786 1053 815 1101 L.
827 1052 915 1101 Catili-

75 1136 134 1169 nam
150 1128 305 1183 praesentem
322 1134 344 1166 a.
357 1118 381 1166 d.
394 1118 441 1166 Vl.
454 1117 493 1165 Id.
506 1118 658 1165 Novembres
676 1118 770 1176 habuit,
786 1134 801 1164 a
817 1128 914 1166 senato-

75 1187 142 1233 ribus
159 1187 195 1233 ita
211 1184 298 1232 audita
315 1193 387 1243 esset,
404 1191 431 1230 ut
446 1183 554 1245 plerique
574 1183 669 1230 consuli
689 1182 872 1230 adsentirentur
889 1191 915 1230 et

76 1251 211 1300 Catilinam
225 1250 322 1298 hostem
336 1249 431 1311 patriae
447 1257 522 1310 atque
538 1247 687 1308 parricidam
702 1247 861 1309 appellarent,
873 1247 915 1296 ille

76 1330 90 1364 e
104 1326 190 1363 senatu
204 1330 315 1374 egressus
329 1314 493 1376 proximaque
508 1320 588 1372 nocte,
603 1312 696 1360 relictis
710 1313 740 1361 P.
754 1312 870 1372 Lentule,
882 1313 911 1362 C.

77 1381 187 1439 Cethego
198 1380 301 1440 aliisque
312 1378 338 1425 in
350 1378 410 1424 urbe
417 1378 502 1437 ¹sociis,
510 1377 553 1439 qui
562 1392 600 1437 ea,
607 1377 639 1426 de
650 1378 738 1439 quibus
750 1377 912 1436 convenisset,

76 1451 279 1506 exsequerentur,
293 1443 325 1490 ad
342 1442 467 1489 Manlium
483 1443 607 1503 profectus
624 1452 683 1490 erat.
720 1443 846 1491 Postridie
863 1444 916 1492 eius

64 1509 126 1558 -diei
140 1509 177 1556 M.
190 1508 278 1555 Cicero
291 1507 406 1554 contione
420 1515 562 1565 convocata,
573 1516 601 1554 ut
613 1507 731 1568 populum
743 1507 774 1554 de
787 1508 818 1555 iis
832 1509 913 1569 rebus,

78 1589 142 1637 quae
160 1573 326 1633 agitabantur,
342 1572 456 1620 edoceret
473 1580 498 1618 et
516 1570 635 1618 invidiam
653 1586 669 1618 a
687 1586 714 1620 se
732 1572 913 1636 deprecaretur,

78 1639 152 1701 hane,
162 1652 225 1702 quae
240 1637 305 1685 infra
317 1637 416 1699 legitur,
427 1635 562 1684 orationem
580 1635 673 1686 habuit.

119 1773 141 1831 I.
186 1778 210 1830 1.
233 1771 362 1828 Tandem
383 1770 544 1848 aliquand0,
560 1769 694 1843 Quirites,
710 1771 741 1829 L.
754 1770 916 1846 Catilinam,

78 1855 221 1912 furentem
238 1851 363 1922 audacia,
376 1850 466 1908 scelus
482 1850 672 1925 anhelantem,
684 1858 795 1928 pestem
810 1856 918 1931 patriae

78 1933 185 1991 nefarie
213 1931 388 2002 molientem,
408 1930 489 1987 vobis
516 1937 602 2006 atque
626 1930 694 1988 huie
722 1932 786 1990 urbi
810 1934 917 1993 ferrum

78 2012 279 2087 flammamque
299 2011 490 2080 minitantem,
506 2029 541 2067 ex
562 2010 631 2068 urbe
651 2012 696 2069 vel
718 2013 853 2071 eiecimus
873 2015 917 2073 vel

79 2093 224 2150 emisimus
247 2091 291 2148 vel
316 2091 411 2168 ipsum
439 2090 632 2166 egredientem
657 2091 751 2150 verbis
775 2096 917 2171 prosecuti

79 2193 184 2230 sumus.
226 2171 317 2242 Abiit,
337 2170 464 2239 excessit,
486 2170 583 2241 evasit,
604 2171 714 2249 erupit.¹
750 2173 836 2231 Nulla
860 2176 917 2231 iam

79 2253 218 2330 pernicies
239 2257 406 2309 amonstro
429 2249 478 2306 illo
503 2256 588 2326 atque
610 2253 745 2330 prodigio
768 2255 918 2312 moenibus

80 2333 149 2410 ipsis
165 2333 240 2388 intra
257 2330 371 2386 moenia
389 2330 608 2406 comparabitur.
650 2332 750 2411 Atque
766 2333 841 2390 hune
859 2335 919 2411 qui·

81 2413 146 2469 dem
163 2430 251 2468 unum
265 2408 350 2467 huius
364 2409 432 2466 belli
444 2410 597 2469 domestici
612 2411 713 2469 ducem
732 2413 791 2469 sine
808 2423 919 2471 contro-

80 2492 170 2548 versia
189 2490 316 2547 vicimus.
359 2489 428 2546 Non
449 2491 526 2547 enim
545 2491 602 2548 iam
621 2492 696 2549 inter
715 2492 804 2549 latera
823 2500 934 2550 nostra

57 2636 58 2640 .
82 2571 139 2628 sica
154 2570 202 2627 illa
218 2569 391 2627 versabitur:
413 2571 517 2626 nonin
534 2590 645 2647 eampo,
657 2591 716 2631 non
730 2572 760 2628 in
774 2572 847 2644 foro,
860 2566 918 2629 non

81 2651 111 2706 in
129 2649 212 2720 curia,
224 2668 284 2706 non
300 2649 424 2727 denique
441 2651 516 2708 intra
532 2650 705 2708 domesticos
721 2652 843 2728 parietes
859 2671 919 2728 per-

81 2729 282 2786 horrescemus.
318 2728 395 2786 Loco
409 2729 456 2788 ille
470 2737 566 2787 motus
580 2737 631 2802 est,
642 2750 731 2807 quum
745 2738 837 2789 estex
850 2732 919 2789 urbe

82 2808 222 2884 expulsus.
264 2808 365 2867 Palam
383 2811 440 2866 iam
460 2829 525 2867 oum
545 2810 627 2867 hoste
648 2811 726 2868 nullo
745 2812 919 2888 impediente

81 2887 187 2945 bellum
210 2882 342 2966 [iustum]
364 2908 502 2965 geremus.
545 2889 613 2946 Sine
634 2890 723 2948 dubio
742 2891 920 2967 perdidimus

82 2967 229 3025 hominem
248 2968 455 3046 magnificeque
474 2970 606 3041 vicimus,
619 2989 715 3046 quum
723 2970 818 3024 ihm
832 2988 875 3050 en
887 2985 936 3016 ssa-

80 3047 164 3104 eultis
190 3048 310 3108 insidiis·
327 3049 359 3109 in
384 3057 524 3130 apertum
539 3049 744 3108 latroe'nimm
765 3043 986 3142 Μεωκκῖ

71 3133 100 3187 2.
125 3129 213 3199 Quod
236 3135 308 3193 v'ero
331 3153 397 3194 non
407 3141 410 3146 ’
419 3140 587 3193 omentum
603 3136 809 3187 maenomenon
818 3119 864 3168 ff*
878 3103 975 3156 ww

222 3237 242 3291 4
