1988 3480
358 135 437 187 CAP.
453 135 514 199 XL,
529 136 603 198 XlL,
618 135 634 197 ξ
648 139 738 189 30-35.
939 134 971 191 18

129 243 218 298 ritum
239 239 352 311 ducitis,
366 240 397 296 in
412 239 591 317 praedonum
607 239 696 298 fuisse
712 246 885 318 potestatem
903 242 971 302 scia-

129 321 196 379 tisl‘
226 319 275 377 An
298 339 366 376 vero
386 319 525 396 ignoratis
548 326 665 396 portum
687 319 802 378 Caietae
826 321 970 380 celeberri-

129 420 209 457 mum
227 420 259 457 ao
273 399 470 476 plenissimum
488 400 603 456 navium
618 400 795 476 inspectante
809 397 969 478 praetores

128 479 321 557 praedonibus
336 488 395 536 esse
410 478 573 556 direptum?
614 478 658 535 Ex
672 479 782 537 Miseno
797 487 893 538 autem
909 482 969 539 eius

129 561 218 637 ipsius
231 559 343 630 liberos,
357 559 406 636 qui
423 578 488 615 eum
503 558 695 635 praedonibus
711 566 794 617 antea
807 559 848 617 ibi
861 560 968 618 bellum

127 645 261 716 gesserat,
279 659 296 696 a
315 637 508 716 praedonibus
532 657 592 695 esse
617 638 761 696 sublatosl
801 639 877 696 Nam
898 642 969 718 quid

128 739 183 794 ego
198 719 329 778 Ostiense
345 717 563 775 incommodum
580 724 665 795 atque
680 718 757 775 illam
772 719 865 776 labem
883 727 968 798 atque

127 800 316 875 ignominiam
336 799 376 856 rei
395 797 525 875 publicae
542 817 650 874 querar,
666 817 733 855 cnm
752 818 842 875 prope
860 800 969 877 inspee-

127 880 255 936 tantibus
272 879 353 936 vobis
370 879 465 936 classis
486 897 527 948 ea,
543 878 589 934 cui
611 878 709 935 consul
726 878 827 955 populi
844 879 968 938 Romani

127 961 306 1037 praepositus
317 965 398 1029 esset,
409 957 628 1036 apracdonibus
639 965 722 1035 capta
733 965 819 1035 atque
833 979 968 1036 oppressa

54 1096 64 1104 ,
127 1041 189 1096 estl
230 1039 287 1096 Pro
304 1039 335 1095 di
353 1038 545 1096 immortales!
567 1044 715 1095 tantamne
737 1038 967 1097 utriushominis

127 1118 301 1176 incredibilis
315 1138 347 1175 ac
358 1119 455 1175 divina
465 1119 555 1175 virtus
568 1124 629 1175 tam
640 1117 718 1175 brevi
729 1125 860 1195 tempore
873 1119 967 1177 lucem

126 1199 238 1256 adferre
259 1198 450 1275 reipublicae
471 1198 575 1274 potuit,
591 1204 624 1254 ut
645 1217 704 1269 vos,
720 1198 770 1274 qni
790 1198 879 1254 modo
900 1207 967 1257 ante

127 1279 233 1337 ostium
244 1279 410 1336 Tiberinum
426 1278 543 1335 classem
557 1278 683 1335 hostium
696 1277 843 1349 videbatis,
856 1279 877 1334 ii
891 1297 966 1336 nune

127 1359 234 1415 nullam
250 1359 326 1415 intra
342 1358 448 1416 Oceani
466 1359 571 1414 ostium
588 1358 766 1434 praedonum
783 1376 885 1414 navem
906 1378 966 1416 esse

126 1438 267 1494 audiatisl
308 1442 354 1494 34.
373 1436 471 1513 Atque
490 1437 559 1494 haec
576 1457 632 1514 qna
648 1437 791 1495 eeleritate
807 1444 889 1514 gesta
909 1438 966 1496 sint

127 1536 301 1593 quamquam
320 1516 430 1586 videtis
445 1524 542 1573 tamen
563 1536 580 1572 a
600 1537 646 1573 me
665 1518 695 1573 in
717 1517 839 1574 dicendo
858 1524 966 1594 praete-

126 1596 235 1653 reunda
252 1615 310 1652 non
328 1602 401 1652 sunt.
442 1595 515 1663 Quis
532 1596 608 1652 enim
625 1615 761 1672 nmquam
776 1603 825 1652 ant
840 1597 966 1654 obeundi

126 1676 236 1750 negotii
253 1682 302 1732 aut
322 1675 515 1750 consequendi
537 1682 669 1751 quaestus
690 1675 786 1732 studio
808 1683 867 1732 tarn
886 1676 965 1734 brevi

127 1761 256 1832 tempore
266 1762 311 1812 tot
321 1755 384 1812 loca
395 1755 480 1825 adire,
492 1760 588 1811 tantos
599 1773 696 1811 cursus
710 1754 848 1813 conficere
859 1756 963 1833 potuit,

125 1854 211 1911 quam
227 1834 354 1892 celeriter
367 1834 418 1891 Cn.
430 1833 570 1911 Pompeio
585 1835 657 1892 duce
671 1835 744 1892 tanti
758 1835 825 1893 belli
840 1837 965 1913 impetus

125 1915 288 1992 navigavit?
309 1914 358 1991 qui
375 1914 504 1971 nondum
525 1915 696 1991 tempestivo
717 1915 754 1972 ad
771 1916 964 1993 navigandum

124 1995 197 2050 mari
213 1994 340 2051 Siciliam
358 1994 437 2064 adiit,
452 1994 583 2052 Africam
605 1994 770 2071 exploravit,
786 1996 853 2053 inde
871 1997 965 2054 Sardi·
990 2058 992 2064 .

124 2074 203 2130 niam
224 2094 290 2131 eum
311 2075 397 2131 classe
414 2074 493 2131 venit
514 2081 598 2151 atque
619 2074 689 2132 haec
706 2075 761 2131 tria
776 2075 964 2134 frumentaria

124 2153 252 2211 subsidia
265 2155 305 2211 rei
322 2154 452 2232 publicae
466 2153 636 2211 firmissimis
652 2155 801 2232 praesidiis
818 2156 965 2214 classibus·

80 2284 82 2287 .
124 2253 180 2310 que
194 2235 325 2291 munivit.
363 2240 408 2291 35.
421 2234 493 2291 Inde
507 2255 572 2292 cum
587 2235 660 2292 sein
675 2234 787 2292 ltaliam
802 2237 962 2314 recepisset,

123 2312 235 2370 duabus
252 2314 401 2391 Hispaniis
415 2321 444 2370 et
460 2313 553 2371 Callia
566 2314 752 2392 Transalpina
765 2317 915 2392 praesidiis
931 2337 963 2374 ae

126 2392 244 2450 navibus
258 2393 431 2464 confirmata,
441 2394 536 2450 missis
547 2394 616 2451 item
627 2395 657 2450 in
669 2415 748 2452 oram
761 2394 866 2472 lllyrici
878 2397 964 2453 maris

123 2479 154 2530 et
170 2473 201 2529 in
217 2472 357 2530 Achaiam
375 2493 546 2550 omnemque
563 2474 711 2531 Graeciam
728 2475 847 2532 navibus
865 2474 964 2534 ltaliae

125 2553 182 2608 duo
194 2554 283 2609 maria
292 2553 425 2610 maximis
436 2553 571 2610 classibus
582 2553 806 2630 firmissimisque
815 2555 964 2630 praesidiis

125 2632 281 2703 adornavit,
294 2633 355 2709 ipse
369 2640 465 2690 autem
479 2640 511 2689 nt
522 2632 677 2690 Brundisio
692 2634 838 2710 profectus
852 2641 903 2706 est,
913 2654 964 2692 un-

126 2711 398 2788 dequinquagesimo
413 2713 459 2769 die
473 2719 565 2769 totam
580 2713 616 2769 ad
630 2713 781 2789 imperium
796 2714 897 2791 populi
907 2715 964 2772 Ro

126 2791 202 2845 mani
220 2791 350 2847 Ciliciam
367 2792 513 2848 adiunxit:
532 2793 706 2869 omnesqui
722 2793 829 2870 ubique
845 2795 964 2871 praedo

125 2889 175 2926 ncs
192 2869 315 2941 fuerunt,
330 2872 436 2948 partim
457 2873 534 2949 capti
551 2873 751 2949 interfectique
768 2881 841 2944 sunt,
857 2875 962 2950 partim

125 2949 209 3005 unius
217 2948 301 3006 huius
313 2970 342 3008 se
352 2952 473 3028 imperio
484 2971 516 3008 ac
527 2953 663 3029 potestati
672 2953 852 3010 dediderunt.
881 2954 962 3012 Idem

124 3029 315 3101 Cretensibus,
331 3050 396 3086 cum
415 3030 452 3087 ad
469 3051 534 3088 enm
551 3051 641 3109 usque
660 3033 690 3089 in
707 3032 909 3110 Pamphyliam
926 3034 962 3092 le-

121 3116 207 3184 gatos
217 3109 469 3189 deprecatoresque
482 3112 639 3183 misissent,
647 3131 735 3187 spem
741 3112 984 3166 deb'ntxedxms

118 3189 230 3249 ademit
251 3188 429 3267 obsidesque
451 3192 625 3272 imperauit„
659 3191 720 3247 ne
733 3178 994 3244 tannem&
