1988 3480
231 112 307 162 ear.
325 112 586 174 xxvr.-xxv111.,
604 111 722 171 §erse
853 115 900 162 res

58 215 112 274 tati
127 233 224 272 eorum
242 215 390 285 concessit,
403 233 468 270 eum
482 221 579 290 petere
595 214 723 272 destitit:
745 215 789 271 sin
803 221 899 272 autem

59 314 157 353 eorum
172 295 274 371 aliquis
287 294 406 370 largitus
420 301 471 366 est,
481 294 656 371 expetendus
671 295 778 352 amicus
793 302 835 352 est
850 296 900 372 qui

58 375 178 432 alienam
194 375 291 451 potius
305 374 437 430 iniuriam
452 394 537 451 quam
552 394 632 431 suam
647 382 838 452 persequatur.

98 455 146 512 Dn
175 455 313 512 Posrunr
342 473 526 512 cnmrnrans.
576 454 625 511 Dn
654 454 760 535 Sanun
789 474 900 514 anenn-

59 553 188 593 scnnrrs

98 614 241 672 XXVIII.
286 621 332 671 58,
354 614 449 672 Venio
466 633 542 670 nunc
559 613 596 669 ad
610 612 648 670 M.
660 613 807 684 Catonem,
821 616 900 692 quod

58 703 101 752 est
119 694 331 751 firmamentum
353 713 385 750 ac
405 693 492 750 robur
512 693 603 750 totius
623 694 826 752 accusationis:
849 697 899 773 qui

57 783 153 832 tamen
167 776 209 832 ita
221 774 315 851 gravis
329 780 372 831 est
386 780 532 830 accusator
546 780 575 830 et
588 773 748 846 vehemens,
760 781 793 830 ut
806 775 898 832 multo

57 856 149 931 magis
166 856 226 913 eius
245 855 445 911 auctoritatem
463 873 548 930 quam
568 854 796 911 criminationem
813 856 899 931 perti-

57 954 188 992 mescam.
232 934 266 991 In
289 952 346 1010 quo
371 953 425 1010 ego
449 941 620 1005 accusatore,
638 934 755 1005 iudices,
772 935 897 1011 primurn

58 1014 129 1073 illud
145 1015 325 1093 deprecabor,
340 1033 375 1071 ne
393 1015 463 1091 quid
477 1014 507 1072 L.
520 1014 654 1071 Murenae
671 1015 796 1091 dignitas
813 1015 898 1085 illius,

57 1115 93 1152 ne
111 1095 180 1172 quid
199 1095 373 1172 exspectatio
390 1095 560 1166 tribunatus,
576 1114 612 1151 ne
629 1095 699 1172 quid
715 1096 804 1152 totius
823 1096 899 1151 vitae
914 1146 917 1147 ⁷

58 1175 191 1252 splendor
208 1182 236 1233 et
252 1175 376 1252 gravitas
392 1182 502 1246 noceat,
518 1175 641 1251 denique
658 1194 693 1231 ne
713 1194 746 1231 ea
762 1175 814 1231 soli
831 1175 899 1231 huic
942 1193 946 1200 ·

58 1255 153 1313 obsint
168 1255 243 1312 bona
257 1254 295 1311 M.
304 1254 431 1325 Catonis,
442 1274 514 1332 quae
528 1254 575 1311 ille
589 1255 710 1331 adeptus
724 1254 900 1322 est,nt1nul-

57 1336 95 1392 tis
111 1335 245 1412 prodesse
262 1341 365 1411 posset.
408 1334 460 1390 Bis
477 1333 575 1390 consul
592 1335 686 1390 fuerat
702 1334 733 1390 P.
744 1333 900 1390 Africanus

58 1422 87 1471 et
100 1415 172 1471 duos
185 1421 306 1470 terrores
319 1413 404 1470 huius
418 1414 539 1491 imperii,
552 1413 760 1489 Karthaginem
773 1413 802 1469 N
804 1433 901 1469 uman-

59 1494 194 1571 tiamque,
210 1493 359 1564 deleverat,
375 1512 440 1549 oum
460 1494 601 1550 accusavit
620 1493 650 1550 L
663 1493 787 1550 Cottam.
830 1493 901 1550 nnat,

59 1574 88 1630 in
108 1592 142 1629 eo
162 1592 274 1629 summa
293 1573 461 1649 eloquentia,
478 1592 589 1628 summa
605 1572 683 1642 fides,
699 1593 811 1629 summa
829 1573 900 1629 inte-

59 1653 156 1730 gritas,
168 1652 321 1709 auctoritas
335 1659 415 1708 tanta
430 1658 535 1728 quanta
549 1652 578 1707 in
594 1652 714 1729 imperio
728 1652 828 1729 populi
843 1652 900 1709 Ro-

59 1733 146 1804 mani,
163 1733 241 1809 quod
260 1732 334 1788 illius
356 1751 442 1808 opera
458 1731 614 1789 tenebatur.
657 1732 747 1808 Saepe
767 1732 821 1789 hoc
842 1752 902 1788 ma·

60 1813 133 1869 iores
154 1819 224 1869 natu
245 1813 338 1869 dicere
359 1812 463 1882 audivi,
474 1811 552 1869 ,hanc
574 1813 744 1869 accusatoris
765 1812 899 1869 eximiam

59 1892 118 1948 vim
148 1887 354 1969 [dignitateml
380 1892 535 1968 plurimum
563 1891 593 1949 L.
615 1891 717 1950 Cottae
747 1893 897 1968 profuisse.

60 1972 221 2029 Noluerunt
239 1972 440 2048 sapientissimi
454 1971 593 2042 homines,
607 1973 655 2047 qui
670 1979 731 2028 turn
747 1992 806 2029 rem
821 1972 898 2029 illam

60 2053 231 2123 iudicabant,
242 2053 283 2109 ita
297 2071 468 2129 quemqnam
483 2052 582 2109 eadere
593 2053 622 2108 in
634 2052 748 2123 iudici0,
760 2061 792 2108 nt
803 2053 901 2108 nimiis

59 2133 211 2190 adversarii
224 2132 332 2189 viribus
346 2132 472 2189 abiectus
486 2133 635 2190 videretur.
677 2139 721 2189 59.
743 2131 828 2203 Quid,
839 2132 897 2188 Ser.

60 2213 287 2270 Galbam-nam
307 2212 445 2269 traditum
463 2213 617 2269 memoriae
639 2220 817 2269 est—nonne
836 2231 901 2288 pro-

60 2313 113 2350 avo
132 2300 191 2363 tue,
206 2293 364 2349 fortissimo
386 2299 471 2369 atque
489 2291 691 2349 florentissimo
711 2293 781 2360 vire,
797 2292 835 2349 M.
848 2291 901 2348 Ca-

60 2373 123 2430 toni
136 2372 311 2429 incumbenti
326 2372 362 2428 ad
377 2372 436 2429 eius
449 2372 604 2449 perniciem
615 2373 739 2448 populus
754 2372 900 2427 Romanus

61 2453 183 2529 eripuitl
224 2450 342 2527 Semper
359 2452 389 2508 in
409 2452 462 2509 hac
483 2452 598 2508 civitate
619 2452 705 2507 nimis
726 2451 837 2527 magnis
857 2470 900 2508 ac-

60 2540 222 2592 cusatorum
243 2531 346 2608 opibus
365 2539 393 2588 et
410 2531 533 2608 populus
550 2533 696 2587 universus
714 2538 742 2586 et
754 2531 900 2605 sapient-ee

61 2631 93 2669 ac
107 2612 229 2669 multum
245 2612 274 2667 in
288 2608 435 2687 posterum
449 2611 655 2686 prospicientes
670 2610 776 2666 iudices
793 2610 901 2665 restite-

61 2699 135 2749 runt.
178 2690 254 2748 Nolo
273 2698 420 2747 accusator
438 2691 468 2747 in
487 2690 624 2746 iudicium
643 2690 804 2766 potentiam
824 2688 902 2746 adfe-

60 2778 112 2841 rat,
125 2791 183 2827 non
198 2771 256 2827 vim
271 2771 408 2828 maiorem
425 2771 558 2845 aliquam,
570 2789 628 2826 non
643 2770 841 2825 auctoritatem
856 2788 902 2825 cx-

61 2851 218 2920 cellentem,
229 2870 286 2906 non
298 2850 416 2906 nimiam
428 2850 556 2925 gratiam.
592 2849 714 2906 Valeant
725 2849 793 2905 haec
805 2849 902 2904 omnia

61 2930 99 2986 ad
118 2930 237 2986 salutem
256 2930 462 2999 innocentium,
477 2929 514 2985 ad
533 2948 618 3005 opem
636 2929 848 3004 impotentium,
864 2927 901 2983 ad

62 3009 199 3066 auxilium
218 3008 457 3079 calamitosorum,
472 3009 500 3064 in
520 3008 645 3084 periculo
662 3026 729 3064 vero
749 3007 824 3064 etin
841 3026 902 3083 per-

62 3090 136 3146 nicie
164 3089 268 3144 civium
296 3089 487 3164 repudientur.
538 3093 583 3144 60.
608 3087 683 3144 Nam
708 3087 732 3143 si
757 3087 820 3163 quis
846 3085 901 3142 hoc

55 3169 138 3225 ¹forte
156 3168 246 3239 dicet,
265 3167 412 3242 Catonem
426 3167 626 3224 descensurum
651 3167 691 3223 ad
711 3165 914 3222 decussatum
