1988 3480
371 129 665 190 011.1.,11,01--1.
835 95 837 100 ’
894 128 939 176 110

100 229 174 287 vitae
188 228 327 286 hodierno
342 229 388 286 die
402 228 559 285 maximum
570 229 655 306 cepit,
667 247 733 286 eum
748 247 861 284 summo
875 246 939 283 eon-

100 329 183 366 sensu
198 319 313 366 senatus
325 315 388 366 turn
404 301 574 386 [praeterea]
584 308 692 366 iudicio
706 315 758 365 tuo
772 307 939 384 gravissimo

100 397 129 446 et
149 389 284 446 maximo,
326 387 370 444 Ex
392 406 449 464 quo
473 387 604 464 profecto
625 386 761 464 intelligis
783 394 889 464 quante
909 387 939 443 in

100 469 168 525 dato
182 467 321 525 beneficio
338 468 376 524 sit
389 467 458 538 1000,
471 487 536 524 0001
551 468 582 524 10
598 475 715 543 accepto
733 467 770 525 sit
784 474 865 524 tanta
880 466 939 543 glo-

99 549 148 605 ria.
190 548 243 604 Est
264 566 330 604 vero
351 548 515 603 fortunatus
536 547 591 617 ille,
607 547 688 604 cuius
712 566 746 603 ex
771 546 860 603 salute
880 565 939 603 000

99 628 195 683 101001·
210 647 299 704 paene
320 626 356 683 ad
378 645 478 683 omnes
499 645 584 703 quam
599 627 635 683 ad
652 627 747 703 ipsum
764 632 882 682 ventura
903 633 940 683 011

100 707 208 764 laetitia
221 706 397 784 pervenerit:
420 710 446 762 4.
463 707 542 782 quod
558 706 673 782 quidem
692 706 718 763 ei
734 705 837 762 merite
855 711 940 781 atque

101 786 212 862 01111100
229 788 288 843 1010
309 786 439 863 contigit.
482 785 554 854 Quis
570 787 647 843 enim
665 793 707 843 est
724 784 773 842 illo
794 783 935 842 00100111-

99 865 180 923 litate
194 873 243 923 aut
254 866 397 943 probitate
410 871 461 922 001
472 865 646 942 optimarum
660 865 765 922 artium
780 864 876 921 studio
890 870 939 922 aut

100 946 263 1003 innocentia
277 945 398 1003 0010110
412 944 504 1002 laudis
517 964 621 1021 genere
635 944 842 1021 praestantior?

141 1024 177 1082 ΙΙ.
193 1025 222 1082 Ν
223 1025 307 1083 011100
327 1032 439 1083 tantum
456 1023 563 1082 flumen
584 1031 627 1082 est
644 1025 761 1101 ingenii,
776 1023 882 1080 nullius
899 1024 929 1080 di

100 1105 182 1161 cendi
199 1113 249 1162 eut
267 1105 409 1163 scribendi
425 1112 506 1162 tanta
522 1105 573 1176 vis,
587 1111 669 1162 tanta
684 1105 776 1181 eopia,
792 1122 863 1179 quae
880 1123 937 1160 non

99 1184 192 1241 dicam
207 1205 349 1255 exornare,
362 1185 413 1243 sed
426 1204 562 1255 enarrare,
575 1184 607 1241 C.
618 1183 728 1255 Caesar,
740 1202 785 1240 res
802 1191 865 1240 tuas
879 1202 934 1258 ges

99 1271 143 1321 tas
158 1266 257 1341 possit.
300 1266 408 1322 Tamen
425 1264 545 1321 adfirmo
565 1271 594 1321 01
609 1263 665 1320 hoe
682 1282 751 1339 paee
769 1262 863 1318 dicam
880 1269 936 1333 tua,

99 1342 206 1400 nullam
226 1346 257 1400 in
277 1345 323 1401 his
345 1363 405 1402 esse
429 1342 542 1399 laudem
568 1342 736 1419 ampliorem
759 1360 845 1417 quam
867 1360 937 1412 earn,
975 1370 982 1378 ν

101 1441 185 1498 quam
206 1423 346 1479 hodierno
367 1423 413 1480 die
435 1429 603 1479 consecutus
624 1442 661 1479 00.
705 1427 730 1478 5.
750 1420 835 1477 Soleo
856 1439 933 1497 saep<

101 1509 166 1558 ante
187 1503 285 1558 oeulos
305 1520 410 1577 ponere
429 1501 516 1577 idque
537 1501 658 1558 libenter
678 1499 783 1558 crebris
804 1519 940 1575 usurpare

101 1580 286 1652 sermonibus,
302 1600 401 1638 omnes
424 1587 588 1650 nostrorum
610 1581 823 1657 imperatorum,
840 1598 939 1637 omnes

100 1668 259 1717 exterarum
276 1661 406 1737 gentium
421 1660 742 1737 potentissimorumque
756 1659 938 1736 populorum,

101 1759 200 1796 omnes
214 1740 435 1798 clarissimorum
450 1758 549 1815 regum
566 1759 611 1797 res
626 1745 721 1816 gestas
735 1759 800 1796 0010
815 1739 873 1796 1010
887 1758 938 1796 000

101 1820 318 1877 contentionum
334 1819 535 1896 magnitudine
555 1839 607 1876 000
628 1838 747 1877 0001010
764 1819 938 1896 proeliorum

100 1918 152 1956 nec
166 1900 301 1957 varietate
314 1900 463 1976 regionum
479 1918 531 1957 nec
545 1899 688 1957 eeleritate
703 1899 872 1956 conficiendi
887 1907 938 1956 nee

100 1979 331 2036 dissimilitudine
341 1979 480 2036 bellorum
494 1999 578 2055 110000
592 1980 723 2050 conferri,
736 1999 788 2036 nee
802 1999 869 2037 vero
884 1979 938 2036 dis·

99 2059 289 2116 iunctissimas
315 2066 404 2116 terras
431 2060 515 2117 eitius
538 2059 669 2136 passibus
696 2059 864 2136 cuiusquam
888 2079 938 2136 po·

99 2140 187 2196 tuisse
204 2140 354 2216 peragrari,
367 2137 453 2216 quam
471 2139 528 2195 tuis
548 2158 607 2196 000
629 2139 722 2196 dicam
739 2139 875 2210 cursibus,
888 2139 937 2200 sed

101 2219 226 2276 victoriis
237 2219 370 2276 lustratae
385 2226 459 2276 sunt.
497 2225 522 2276 6.
535 2218 614 2287 Quae
629 2218 745 2295 quidem
760 2239 813 2296 ego
828 2219 883 2275 nisi
898 2220 937 2276 ita

101 2317 205 2374 magua
225 2317 284 2354 0000
309 2299 407 2369 101001,
423 2305 456 2355 01
476 2318 510 2356 00
530 2299 576 2354 vix
591 2299 764 2375 cuiusquam
785 2318 866 2356 mens
889 2306 937 2356 001

101 2377 238 2453 cogitatio
255 2397 355 2456 capere
372 2378 471 2454 possit,
484 2396 581 2434 amens
598 2378 668 2434 sim:
691 2379 741 2435 sed
757 2385 854 2435 tamen
873 2385 938 2434 sunt

101 2457 155 2513 alia
168 2457 283 2514 maiora
326 2457 401 2513 Nam
415 2457 530 2514 bellicas
543 2457 641 2514 laudes
655 2457 748 2514 solent
762 2457 879 2537 quidam
895 2477 928 2513 ex

101 2545 216 2594 tenuare
237 2536 329 2593 verbis
349 2555 453 2613 easque
474 2537 620 2593 detrahere
641 2537 769 2607 ducibus
781 2539 929 2594 communi

101 2635 163 2672 0010
180 2635 245 2672 eum
260 2615 366 2685 multis,
378 2636 414 2673 ne
430 2616 562 2693 propriae
577 2616 635 2673 sint
649 2617 862 2692 imperatorum.
901 2616 937 2674 111

100 2696 219 2752 0011010
234 2695 320 2751 armis
337 2695 461 2752 militurn
475 2696 573 2767 virtus,
585 2695 713 2753 locorum
728 2697 937 2773 opportunitas

101 2775 205 2832 auxilia
219 2775 369 2845 sociorum,
382 2774 492 2847 classes,
504 2782 680 2833 commeatus
694 2776 818 2833 multum
829 2776 937 2845 iuvant,

101 2855 254 2910 maximam
272 2873 338 2911 vero
360 2861 469 2930 partem
491 2855 571 2932 quasi
590 2875 641 2911 000
660 2856 721 2912 1010
738 2855 864 2912 Fortuna
884 2855 938 2911 sibi

25 2951 27 2955 ’
100 2933 226 2990 vindicat
246 2941 275 2990 et
294 2934 434 3011 quidquid
450 2953 584 3011 prospere
605 2942 717 3011 gestum
736 2943 786 3005 est,
801 2935 833 2992 id
850 2953 937 3012 paene

101 3016 186 3070 01000
200 3013 280 3070 ducit
297 3033 387 3070 suum.
425 3013 450 3071 7.
466 3014 509 3071 At
521 3033 588 3071 vero
603 3013 688 3071 buius
702 3014 818 3091 gloriae,
830 3014 862 3072 Ο.
871 3014 937 3072 Cae

101 3112 153 3163 sar,
166 3112 251 3170 quam
269 3112 299 3150 es
315 3092 412 3170 paullo
432 3101 499 3150 ante
515 3093 648 3172 adeptus,
658 3095 775 3152 socium
784 3094 886 3148 'melnes
900 3109 956 3143 00-

99 3173 222 3230 minem:
244 3179 338 3234 totum
354 3171 419 3247 hoe,
430 3181 710 3254 quantumcumque
724 3180 784 3242 est,
794 3166 984 3243 0000001110
