1988 3480
75 114 120 158 llll
267 110 336 159 l'llt)
353 110 382 158 l».
400 107 554 157 MURENA
569 105 715 159 ORATIO.

72 222 199 268 nmirum
222 211 257 267 sit
279 211 308 267 in
328 206 383 267 hoc
403 209 547 288 praeclaro
567 208 719 267 consulatu
740 228 805 269 nou
827 212 927 286 video,

73 291 186 347 indices.
229 289 308 358 Quae
322 310 389 347 vcro
403 288 564 347 miseranda
577 296 652 361 sunt,
664 307 699 346 ee
715 288 842 349 etmihi
856 300 927 352 ante

72 370 169 426 ‹wnlos
184 378 329 426 xcrsantnr
345 379 374 427 ct
388 391 439 427 ies
452 369 547 426 videre
565 376 594 426 et
608 368 770 446 perspicere
783 373 924 448 potestis

73 448 148 506 XLI.
167 448 206 515 Si,
222 450 298 526 quod
316 449 444 526 luppiter
464 468 548 505 ‹nncn
569 449 694 507 avertat!
715 448 797 507 hune
818 452 924 509 vestris

72 529 221 587 sententiis
247 528 422 597 adflixeritis,
445 549 501 607 qno
526 548 555 585 se
583 528 669 586 miser
692 530 809 587 vertet?
860 530 922 589 Do

72 610 206 667 nnnnnel
228 615 260 666 nt
280 628 342 665 carn
363 609 517 685 imaginem
539 607 687 665 clarissimi
708 608 771 680 viri,
787 611 922 686 parentis

72 691 123 757 ani,
134 710 219 767 annn
233 688 331 766 {raucis
345 696 410 745 ante
425 687 525 745 diebus
539 687 693 745 laureatam
708 688 738 744 in
754 708 807 746 sua
820 697 921 767 gratu·

73 770 177 827 latione
201 769 357 847 conspexit,
380 768 509 826 camdeni
534 767 724 825 deformatam
751 767 921 845 ignominia

72 849 273 926 lugentemque
293 849 406 906 rideatl
430 868 466 905 an
491 847 528 905 ad
548 848 687 905 matreml
711 866 785 925 quae
809 849 919 907 misera

72 929 159 984 modo
173 928 317 985 consulem
333 929 459 986 osculata
472 926 562 985 filium
578 947 669 997 suum,
679 945 755 984 nunc
770 928 918 987 cruciatur

72 1016 101 1064 ct
125 1007 245 1064 sollicita
269 1015 312 1064 cst
336 1028 371 1065 nc
392 1008 524 1066 eumdem
546 1007 642 1085 paullo
663 1014 730 1084 post
753 1006 915 1084 spoliatum

72 1088 150 1144 omni
168 1087 308 1163 dignitate
328 1089 503 1165 conspiciat?
545 1093 590 1145 89.
610 1085 668 1144 Sed
687 1085 758 1164 quid
779 1105 836 1164 ego
857 1108 916 1147 ma-

72 1177 144 1225 trcrn
161 1176 210 1224 ant
227 1168 346 1225 domum
363 1168 484 1245 appello,
497 1186 582 1244 quom
600 1186 673 1223 nova
687 1185 781 1244 poena
794 1166 870 1245 legis
886 1176 916 1227 et

72 1248 159 1305 domo
180 1256 209 1305 et
228 1257 345 1325 parente
366 1256 395 1305 ct
415 1247 544 1304 oninium
566 1266 681 1304 suorum
703 1248 915 1309 consuetudine

72 1335 282 1405 conspectuque
296 1329 407 1406 privati
442 1326 500 1383 lbit
514 1327 602 1404 igitur
617 1327 645 1383 in
661 1326 792 1384 exsilium
807 1328 915 1387 miseri

72 1408 154 1476 Qnol
194 1407 243 1464 nd
258 1408 410 1465 Orientisne
424 1414 526 1483 partes,
537 1407 566 1463 in
582 1406 686 1484 quibus
700 1425 790 1463 annos
804 1406 915 1483 multos

73 1489 181 1565 legatus
205 1488 270 1558 fuit,
292 1487 431 1544 exereitus
455 1486 545 1557 duxit,
567 1506 611 1543 res
638 1487 778 1543 maximas
805 1488 915 1564 gessitl

73 1568 113 1625 At
134 1568 219 1625 habet
239 1587 375 1644 magnum
397 1566 533 1634 dolorem,
551 1565 626 1624 unde
647 1586 714 1623 cum
734 1565 846 1624 honore
866 1567 916 1626 de·

72 1649 194 1719 cesseris,
213 1647 314 1705 eodem
335 1667 401 1704 curn
422 1647 581 1724 ignominia
601 1647 711 1704 reverti.
760 1646 809 1703 An
831 1667 861 1705 se
882 1647 915 1705 in

72 1728 241 1785 contrariam
260 1735 372 1804 partem
388 1735 526 1785 terrarum
545 1726 639 1798 abdet,
652 1733 685 1784 ut
702 1725 795 1784 Gallia
811 1725 916 1785 Trans-

72 1808 173 1885 alpina,
185 1826 267 1883 quem
283 1827 374 1883 nuper
385 1827 497 1863 summo
509 1826 574 1864 cum
588 1807 711 1883 imperio
722 1806 915 1867 libentissime

72 1888 181 1953 viderit,
197 1886 329 1942 eumdem
351 1886 505 1963 lugentem,
523 1893 706 1958 maerentem,
725 1887 852 1944 exsulem
873 1887 915 1945 vi²

71 1967 155 2023 ‹lcatl
190 1965 222 2020 ln
238 1985 270 2022 ea
280 1985 365 2042 porro
380 1967 527 2043 provincia
538 1986 594 2043 quo
609 1967 707 2024 animo
718 1965 750 2023 O.
761 1965 914 2024 Murenam

71 2046 188 2101 fratrem
210 2063 291 2100 suuni
309 2047 445 2122 aspicietl
486 2046 543 2115 Qui
559 2046 645 2104 huius
662 2047 752 2117 dolor,
768 2046 817 2123 qui
834 2045 914 2103 illius

71 2141 182 2180 maeror
196 2123 256 2193 erit,
268 2143 338 2200 quae
349 2127 496 2204 utriusque
508 2120 683 2198 lamentati0,
695 2133 801 2204 quanta
814 2132 912 2183 autem

70 2201 247 2280 perturbatio
261 2204 393 2262 fortunae
410 2214 496 2283 atque
513 2208 660 2277 sermonis,
673 2226 747 2277 curn,
760 2205 865 2284 quibus
880 2205 912 2263 in

71 2284 139 2341 loeis
158 2283 257 2361 paucis
276 2293 341 2343 anto
358 2285 459 2343 dicbus
475 2286 585 2343 factum
605 2305 665 2343 esse
684 2285 830 2343 consulem
849 2285 912 2343 Mu-

70 2384 167 2421 renam
177 2365 274 2422 nuneii
283 2364 449 2443 litteraeque
460 2366 648 2424 celebrassent
657 2372 686 2423 et
694 2365 771 2422 unde
782 2364 912 2443 hospites

71 2453 155 2521 atque
165 2445 251 2503 amici
261 2445 434 2522 gratulatum
446 2445 569 2503 Romam
581 2446 783 2516 concurrerint,
793 2451 912 2522 repente

71 2526 210 2583 exstiterit
230 2525 291 2602 ipse
312 2526 430 2583 nuntius
451 2545 517 2583 suae
538 2525 725 2583 calamitatisl
767 2530 813 2582 90.
832 2523 912 2594 Quae

71 2604 94 2660 si
109 2605 215 2677 acerba,
228 2606 252 2663 si
268 2606 379 2678 misera,
392 2607 415 2662 si
432 2606 562 2663 luctuosa
578 2612 653 2675 sunt,
666 2605 689 2662 si
706 2603 879 2662 alienissima
894 2623 913 2661 a

71 2687 288 2743 mansuetudine
313 2694 343 2744 et
366 2684 561 2744 misericordia
584 2692 684 2755 vestra,
707 2684 823 2754 iudices
845 2702 913 2741 con·

72 2771 178 2820 servate
195 2767 294 2842 populi
312 2766 436 2824 Romani
449 2764 636 2823 beneficium:
658 2764 769 2821 reddito
785 2763 826 2820 rei
840 2763 912 2840 pub

71 2842 140 2900 lieae
162 2845 323 2903 consulem:
347 2846 413 2902 date
433 2845 488 2901 hoe
510 2844 599 2921 ipsius
621 2844 732 2920 pudori,
749 2844 814 2901 date
835 2843 912 2920 patri

71 2930 193 2994 mortno,
205 2925 270 2982 date
283 2925 380 3002 generi
395 2932 424 2982 et
437 2924 571 2993 familiae,
582 2923 648 2980 date
663 2924 750 2981 etiarn
761 2922 910 2979 Lanuvino

71 3003 229 3081 municipio
244 3004 454 3073 honestissimo,
467 3003 546 3079 quod
562 3003 591 3058 in
609 3002 662 3059 hac
678 3009 741 3060 tota
757 3021 841 3059 eausa
857 3002 911 3059 fre-

72 3100 161 3157 quens
180 3089 376 3159 maestumque
394 3081 513 3139 vidistis.
556 3081 654 3139 Nolite
674 3101 691 3138 a
709 3081 794 3138 sacris
810 3081 911 3156 patriis

72 3159 190 3218 Iunonis
207 3161 345 3239 Sospitae,
361 3160 406 3218 cui
426 3180 525 3219 omnes
542 3161 671 3218 consules
687 3161 780 3218 facere
797 3178 911 3218 neeesse
