1988 3480
148 114 194 161 nur
295 110 364 161 l’llO
382 108 476 159 REGE
493 106 679 161 DEIOTARO
696 108 855 163 onemo.

147 222 176 269 h·
193 231 282 269 orrum
301 212 420 277 intueor,
432 210 469 269 nd
485 218 514 269 te
530 228 620 268 unum
641 211 741 269 omnis
763 220 889 291 spectat
906 214 990 273 oreti

147 298 226 359 littere
243 290 313 347 mihi
331 292 368 347 ud
385 310 465 368 spem
487 290 659 349 obtinendae
675 292 816 351 veritatis
833 314 994 372 gravissru

148 382 222 433 erint.
232 370 267 427 ud
280 382 390 427 mutum
402 370 490 427 unirni
502 380 530 427 et
541 370 577 427 ad
588 388 706 427 omnem
721 372 878 449 impetum
890 375 985 433 dicen

147 451 417 527 e·›ruenti‹»rictuque
435 450 546 507 leviora
589 454 616 507 0.
632 449 718 507 llunc
735 452 831 523 enim,
845 454 880 512 Ο.
891 454 993 513 Caesar

147 550 259 587 «uiuam
275 531 298 586 si
315 531 342 586 in
358 532 422 586 loro
437 530 559 587 elicerem
573 528 675 585 eodem
689 530 836 589 audiente
850 541 884 591 et
895 535 985 592 disce

147 620 225 667 tante
247 620 283 675 te.
296 620 432 686 «pruritum
453 610 523 666 rnihi
545 608 720 667 alacritatem
741 613 852 688 populi
875 613 989 671 Roman

147 710 299 746 «minuimus
314 689 454 747 rnlferret!
496 689 567 757 Quis
580 688 657 745 euim
671 688 744 745 civis
757 690 788 747 ei
803 693 870 769 regi
885 712 948 750 nou
961 694 990 750 fe

148 780 232 833 reret.
245 770 326 826 «urim
341 788 455 826 onnnun
470 778 592 826 aetatem
606 768 637 824 in
650 768 753 845 populi
767 768 905 830 Romani
920 773 994 831 belli

147 859 345 925 ‹·nnsrrrnptarrr
367 870 428 905 esse
449 848 642 905 meminisset?
682 846 856 924 spectarem
878 872 896 910 c
949 878 953 903 ι
968 878 981 904 u

147 928 271 984 intrnrer
281 930 386 997 forum,
397 928 505 985 eaelum
521 928 643 1005 denique
657 933 777 985 testarer
791 929 905 1006 ipsum.
942 932 973 991 si

146 1027 210 1062 enm
233 1015 262 1063 et
278 1007 397 1064 deorum
419 1007 623 1065 inmortalium
644 1014 673 1064 ct
689 1007 792 1084 populi
815 1009 950 1069 Romani
969 1032 994 1071 e=

146 1094 260 1142 serratus
284 1086 422 1143 beneficia
446 1088 475 1143 in
500 1106 596 1164 regem
619 1086 791 1144 Deiotarum
818 1091 988 1150 recordarer

146 1165 224 1221 nullo
239 1166 327 1223 modu
341 1166 413 1223 milri
428 1167 524 1224 deesse
538 1173 635 1244 posset
648 1167 747 1224 oratic.
786 1166 814 1226 7.
827 1168 914 1237 Quae
928 1191 980 1249 qu

146 1246 223 1302 niam
241 1247 407 1323 angustiora
422 1247 545 1323 parietes
564 1246 675 1305 faciunt
691 1246 827 1324 actioque
849 1251 930 1307 max‘
940 1277 956 1302 n
968 1276 973 1301 ,»
984 1276 994 1303 ι

147 1346 246 1384 causac
256 1326 422 1384 debilitatur
432 1326 504 1397 loeo,
513 1334 595 1383 tuum
608 1332 659 1397 est,
669 1324 781 1395 Caesar,
792 1328 845 1403 qui
856 1348 913 1406 pro
924 1331 985 1388 mul

146 1407 184 1463 tis
195 1426 277 1483 saepe
289 1406 394 1477 dixisti,
405 1405 476 1482 quid
485 1406 558 1463 mihi
568 1424 644 1463 nunc
655 1405 743 1462 anirni
754 1406 793 1463 sit
803 1407 843 1465 ad
854 1409 993 1487 teipsum

146 1486 329 1563 referreque
344 1487 456 1543 facilius
474 1505 540 1542 cum
557 1487 684 1563 aequitas
699 1492 750 1542 tua
766 1492 831 1543 tum
854 1489 993 1548 audiendi

147 1565 296 1640 diligentia
309 1567 420 1623 minuat
434 1566 507 1622 hanc
521 1565 765 1642 perturbationem
780 1584 887 1626 meam.

187 1646 245 1702 Sed
260 1653 326 1702 ante
344 1665 429 1722 quarn
447 1645 485 1702 de
499 1646 678 1702 accusatione
691 1644 754 1721 ipsa
770 1644 846 1717 dico,
859 1647 899 1706 de
912 1668 993 1707 accu-

146 1731 272 1781 satorum
288 1745 338 1802 spe
352 1744 443 1802 pauca
456 1725 565 1782 dicam:
588 1725 637 1802 qui
651 1743 715 1781 eum
727 1723 884 1784 videantur
898 1747 987 1806 nequ·

146 1804 262 1880 ingenio
280 1824 372 1881 neque
389 1825 443 1862 usu
459 1812 544 1882 atquc
559 1804 759 1862 exercitatione
772 1823 870 1862 rerum
887 1808 992 1881 valere,

146 1891 242 1940 tamen
260 1883 297 1940 ad
312 1884 386 1941 hanc
403 1903 516 1942 causam
534 1904 592 1941 non
609 1885 669 1942 sine
686 1883 781 1960 aliqua
797 1903 848 1961 spe
865 1893 898 1944 et
914 1890 984 1966 cogi

145 1963 254 2019 tatione
272 1970 417 2020 venerunt.
461 1962 513 2020 III.
552 1970 577 2022 8.
593 1964 702 2022 Iratum
721 1970 751 2021 te
766 1964 828 2040 regi
846 1963 992 2026 Deiotaro

145 2042 234 2098 fuisse
251 2060 309 2097 non
327 2050 407 2098 erant
423 2042 529 2099 nescii:
551 2043 697 2101 adfectum
714 2042 795 2100 illum
814 2045 993 2121 quibusdam

145 2119 337 2177 incommodis
354 2127 382 2178 et
396 2120 576 2179 detrimentis
590 2130 708 2200 propter
724 2123 918 2183 offensionem
931 2128 993 2185 eni-

145 2200 186 2257 mi
201 2200 243 2257 tui
260 2200 458 2271 meminerant,
471 2209 556 2278 teque
573 2222 639 2259 cum
654 2203 721 2260 huic
734 2203 840 2260 iratum
854 2211 920 2262 turn
935 2207 993 2266 sibi

146 2281 269 2338 amicum
285 2300 344 2338 esse
359 2288 560 2358 cognoverant,
573 2301 696 2360 cumque
709 2283 785 2360 apud
796 2283 893 2359 ipsum
908 2292 939 2343 te
953 2286 993 2345 de

81 2380 84 2385 ·
145 2368 196 2418 tuo
213 2361 339 2438 periculo
354 2361 488 2433 dicerent,
501 2362 564 2419 fore
578 2362 719 2438 putabant
732 2369 766 2419 ut
779 2363 809 2419 in
824 2361 992 2424 exulcerato

146 2442 241 2498 animo
253 2441 337 2500 facile
351 2441 449 2500 fictum
465 2442 572 2499 crimen
586 2443 729 2507 insideret.
765 2441 859 2510 Quam
874 2443 913 2500 ob
927 2464 992 2504 rem

145 2521 200 2579 hoc
214 2541 267 2579 nos
282 2522 407 2599 primum
424 2529 512 2592 metu,
525 2520 635 2592 Caesar,
647 2541 699 2597 per
712 2521 799 2578 fidem
813 2528 842 2579 et
856 2531 992 2582 constan-

145 2601 216 2658 tiam
237 2608 266 2658 et
287 2602 467 2660 clementiam
488 2609 568 2659 tuam
592 2600 688 2672 libera,
703 2621 739 2659 ne
763 2601 885 2660 residere
905 2602 938 2660 iu
959 2611 991 2662 te

145 2680 232 2738 ullam
247 2688 357 2757 partem
372 2681 534 2738 iracundiae
549 2681 732 2758 suspicemur.
769 2681 825 2738 Per
839 2681 989 2741 dexteram

145 2759 230 2816 istam
244 2769 273 2817 te
288 2780 346 2831 ore,
360 2780 445 2837 quam
459 2761 520 2837 regi
534 2760 672 2818 Deiotaro
686 2761 790 2838 hospes
803 2760 912 2838 hospiti
922 2782 989 2839 por-

146 2840 360 2911 rexisti,'istam,
377 2841 502 2916 inquam,
519 2840 664 2897 dexteram
688 2848 831 2898 nontam
852 2841 882 2897 in
905 2841 989 2900 bellis

145 2938 238 2996 neque
252 2920 282 2976 in
293 2919 408 2996 proeliis
419 2939 504 2996 quam
515 2920 546 2976 in
557 2921 704 2996 promissis
715 2929 744 2978 et
754 2920 811 2977 fide
821 2919 987 2980 firmiorem.

146 2998 191 3056 Tu
208 2998 283 3056 illius
300 2998 420 3056 domum
436 2999 517 3070 inire,
528 3005 562 3056 tu
578 3005 659 3057 vetus
675 3000 834 3078 hospitium
850 3018 988 3058 renovare

145 3078 279 3136 voluisti:
302 3085 331 3136 te
348 3079 409 3136 eius
426 3079 455 3135 di
472 3085 590 3157 penates
607 3084 794 3157 aeceperunt:
816 3086 845 3136 te
861 3079 986 3138 amicum

146 3163 176 3216 et
189 3158 333 3234 placatum
344 3156 475 3218 Deiotari
489 3158 641 3237 registrare
655 3160 770 3238 focique
781 3159 921 3219 viderunt.
957 3164 984 3218 9.
