1988 3480
320 120 397 170 011.
415 118 762 181 xrr.-xv111.,§rr-5r.
909 137 912 143 ·
933 125 960 169 m

162 227 207 280 51.
224 219 266 279 At
280 221 356 278 enirn
368 221 411 276 vir
422 220 601 291 clarissimus,
614 221 825 278 amantissimus
837 223 877 279 rei
891 222 961 299 pub-

120 303 199 373 licae,
212 302 312 358 vestris
326 299 471 357 beneficiis
484 300 668 377 amplissimis
681 301 819 372 adfectus,
832 302 865 369 (1.
876 302 961 359 Catu-

120 384 171 455 lus,
187 383 314 458 itemque
337 381 456 437 summis
481 381 656 437 ornamentis
676 379 801 451 honoris,
818 382 959 454 fortunae,

120 463 241 532 virtutis,
258 461 367 538 ingenii
383 461 537 537 praeditus,
554 460 587 529 Q.
600 460 781 531 Hortensius,
797 460 833 517 ab
850 460 903 517 hae
920 481 961 518 ra-

119 543 198 600 110110
210 541 397 599 dissentiunt:
416 559 537 617 quorum
549 559 603 616 ego
614 541 813 597 anctoritatem
824 542 901 617 apud
910 561 961 598 vos

119 623 218 679 multis
238 622 309 678 locis
333 621 489 697 plurimum
514 620 637 677 valuisse
660 627 689 677 et
713 620 803 677 valere
829 627 960 697 oportere

120 701 264 772 confiteor,
281 702 331 758 sed
348 701 378 757 in
395 700 448 757 hac
465 719 556 770 eausa,
570 701 685 757 tametsi
702 701 848 775 cognostis
865 708 961 758 aucto-

119 783 218 839 ritates
237 781 392 839 contrarias
408 781 533 837 virorum
551 780 776 837 fortissimorum
797 788 825 838 et
842 780 961 838 clarissi-

118 881 240 932 morum,
256 868 352 918 tamen
374 861 487 918 omissis
508 860 726 917 auctoritatibus
744 860 806 937 ipsa
821 880 851 917 re
868 880 900 917 ae
919 881 960 918 ra·

118 943 198 999 tione
215 942 361 1018 exquirere
377 960 530 1017 possumus
545 941 701 1010 veritatem,
718 948 803 1017 atque
820 940 875 997 hoc
892 942 961 998 faei-

118 1021 181 1092 lius,
198 1022 276 1099 quod
297 1041 330 1078 ea
352 1021 457 1092 omnia,
474 1040 546 1098 quae
566 1040 583 1076 a
602 1040 649 1078 me
671 1020 763 1077 adhuc
785 1021 863 1077 dieta
883 1028 957 1092 sunt,

118 1101 207 1158 iidem
221 1102 269 1158 isti
280 1121 346 1158 vera
359 1120 419 1158 esse
434 1102 602 1172 concedunt,
613 1107 642 1158 et
652 1101 841 1157 necessarium
852 1101 959 1158 bellum

119 1200 178 1238 esse
196 1188 224 1239 et
239 1201 375 1258 magnum
393 1180 466 1237 etin
480 1201 538 1237 uno
554 1180 605 1238 On.
616 1181 758 1258 Pompeio
773 1200 885 1237 summa
899 1200 959 1238 esse

119 1261 222 1318 omnia
271 1268 317 1318 52.
343 1260 421 1329 Quid
442 1261 531 1337 igitur
553 1261 593 1318 ait
616 1261 808 1317 Hortensiusl
855 1261 886 1317 Si
909 1262 959 1317 uni

118 1341 216 1398 omnia
232 1341 385 1398 tribuenda
401 1341 466 1411 sint,
479 1341 680 1416 dignissimum
699 1361 758 1398 esse
775 1340 957 1418 Pompeium,

118 1421 169 1476 sed
179 1421 216 1477 ad
226 1441 317 1477 unum
327 1427 424 1476 tamen
436 1421 533 1477 omnia
543 1421 648 1478 deferri
659 1440 716 1477 non
729 1428 867 1498 oportere.
902 1420 959 1478 Ob

119 1500 220 1556 solevit
237 1500 294 1556 iarn
311 1501 366 1557 ista
383 1501 482 1570 oratic,
498 1520 528 1556 re
545 1501 637 1556 multo
654 1501 746 1576 magis
763 1521 848 1578 quam
866 1500 959 1558 verbis

118 1580 250 1636 refutata.
294 1579 369 1635 Nam
383 1586 416 1635 tu
430 1580 515 1648 idem,
529 1578 561 1647 Q.
575 1579 721 1648 Hortensi,
735 1581 825 1637 multa
841 1600 893 1656 pro
908 1587 959 1636 tua

119 1678 230 1715 summa
244 1659 328 1735 copia
344 1677 376 1714 ae
393 1658 530 1733 singulari
544 1659 680 1715 facultate
698 1659 812 1716 dicendi
829 1668 858 1716 01
872 1661 900 1716 in
919 1679 959 1717 00

118 1746 188 1795 110111
205 1745 304 1795 contra
320 1738 413 1794 virum
430 1740 544 1809 fortem,
557 1738 590 1795 A.
603 1738 767 1810 Gabinium,
779 1740 902 1813 graviter
917 1760 960 1797 01-

117 1825 240 1895 nateque
265 1818 370 1888 dixisti,
389 1837 455 1875 curn
477 1819 500 1874 is
522 1819 557 1875 de
582 1838 640 1875 uno
665 1819 836 1896 imperatore
860 1827 959 1882 contra

117 1899 275 1975 praedones
300 1898 502 1955 constituendo
522 1898 616 1975 legem
638 1899 854 1976 promulgasset,
874 1907 902 1957 et
924 1920 958 1957 ex

117 1977 173 2034 hoc
188 1979 251 2055 ipso
264 1978 328 2035 loeo
339 1979 482 2054 permulta
495 1979 564 2036 item
576 1985 676 2035 eontra
689 1998 752 2036 earn
766 1979 859 2056 legem
874 1980 960 2038 verba

116 2058 220 2116 fecisti.
264 2065 310 2116 53.
333 2058 428 2127 Quid?
453 2066 524 2129 tum,
545 2079 596 2135 per
620 2059 689 2115 deos
713 2059 906 2117 immortales!
934 2061 958 2116 si

116 2137 181 2214 plus
202 2139 279 2215 apud
295 2138 435 2215 populum
452 2139 616 2195 Romanum
636 2139 789 2196 auctoritas
806 2147 856 2196 tua
873 2160 958 2217 quam

117 2218 207 2293 ipsius
224 2218 324 2295 populi
341 2218 465 2274 Romani
487 2219 561 2274 salus
582 2225 611 2275 et
627 2239 693 2275 vera
714 2239 798 2276 causa
814 2219 956 2289 valuisset,

116 2297 203 2354 hodie
216 2299 290 2355 hane
305 2298 425 2374 gloriam
441 2305 526 2374 atque
540 2298 595 2355 hoc
610 2298 687 2355 orbis
701 2305 791 2356 terrae
805 2299 958 2376 imperium

117 2379 295 2435 teneremus?
336 2377 384 2433 An
401 2377 455 2434 tibi
472 2385 535 2434 111111
555 2378 708 2454 imperium
729 2378 784 2435 1100
806 2398 866 2436 0000
883 2381 959 2436 vide-

116 2457 207 2527 batur,
227 2477 292 2514 cum
317 2458 416 2534 populi
438 2457 562 2515 Romani
582 2458 677 2535 legati,
695 2466 857 2534 quaestores
881 2478 959 2535 prae-

116 2543 249 2614 toresque
273 2537 478 2613 capiebantur?
503 2557 568 2594 curn
590 2558 624 2594 ex
646 2538 779 2594 omnibus
804 2538 958 2614 provinciis

117 2625 279 2675 commeatu
293 2625 322 2674 et
336 2618 447 2693 privato
463 2625 491 2674 et
505 2617 620 2701 publico
635 2617 875 2693 prohibebamur?
893 2637 958 2675 eum

117 2695 158 2751 ita
174 2696 269 2753 clausa
284 2697 369 2753 nobis
386 2704 466 2753 orant
482 2697 572 2753 maria
589 2697 693 2767 omnia,
706 2703 739 2754 ut
755 2717 847 2774 neque
868 2698 959 2774 priva-

117 2781 177 2830 tam
198 2795 258 2831 rem
279 2777 497 2833 transmarinam
517 2796 610 2853 neque
630 2777 776 2853 publicam
798 2778 856 2835 iam
879 2777 958 2834 obire

116 2856 284 2930 possemus?

157 2933 271 2992 XVIII.
308 2939 354 2992 54.
367 2934 446 3004 Quae
461 2935 561 2993 civitas
575 2942 659 2992 antea
672 2956 809 3013 umquam
823 2937 888 3007 fuit,
899 2957 957 2992 non

117 3013 183 3070 dico
204 3012 433 3086 Atheniensium,
451 3035 522 3092 quae
546 3016 613 3072 satis
634 3016 691 3072 late
714 3017 859 3093 quondam
880 3036 958 3073 mare

117 3094 241 3150 tenuisse
259 3093 371 3166 dicitur,
387 3115 446 3152 non
464 3094 768 3172 Karthaginiensium,
776 3096 971 3167 1111100110οΧ·

115 3179 177 3232 turn
195 3173 285 3235 classe
307 3195 340 3236 ae
360 3176 525 3236 maritimrs
538 3175 632 3236 rebus
649 3160 991 3233 uetuerunmoxxffi
