1988 3480
246 404 288 466 M.
312 405 459 467 TULLII
489 405 722 468 CICERONIS

19 576 20 580 ’
64 559 223 636 ORATIO
252 559 373 646 QUAM
402 560 447 634 IN
476 561 689 637 CONTIONE
718 562 803 650 QUO
828 563 902 637 Dlll

84 683 357 760 ⁴rlLLOBliOGllS
381 684 671 761 INVULGARUNT
696 685 859 762 HABUIT.

328 951 668 1004 ARGUMENTUM.

96 1050 232 1113 Aliquanto
248 1058 304 1114 post
320 1067 396 1115 quam
413 1052 474 1100 haec
491 1061 561 1112 gesta
577 1061 656 1114 erant,
671 1068 728 1101 cum
742 1053 817 1113 legati
831 1052 902 1102 Allo-

11 1126 12 1130 ’
63 1117 176 1178 brogum,
189 1117 231 1179 qui
245 1132 260 1164 a
273 1118 380 1166 Lentulo
394 1119 509 1180 temptati
523 1119 561 1168 M.
572 1119 692 1167 Cicerone
705 1127 807 1166 auctore
820 1119 904 1167 favere

63 1196 89 1230 se
102 1182 266 1231 coniurationi
281 1182 465 1245 simulaverant,
475 1191 594 1232 exeuntes
609 1199 643 1232 ex
657 1184 718 1232 urbe
732 1199 789 1231 cum
802 1184 903 1231 T.Vul-

62 1248 150 1308 turcio,
159 1247 201 1310 qui
213 1255 265 1296 erat
277 1264 292 1295 a
300 1249 408 1296 Lentulo
419 1249 452 1297 ad
461 1249 595 1297 Catilinam
607 1249 705 1308 missus,
716 1249 742 1296 in
753 1257 828 1311 ponte
836 1248 902 1296 Mul-

62 1313 103 1360 vio
115 1321 189 1360 nocte
205 1313 376 1374 comprehensi
389 1321 479 1374 essent,
491 1314 646 1376 litteraeque,
658 1329 721 1376 quae
738 1315 769 1361 ab
784 1312 899 1373 Lentule,

63 1378 183 1437 Cethego,
193 1379 223 1425 P.
235 1378 342 1426 Gabinio
356 1379 458 1426 Cimbro
475 1379 508 1426 ad
522 1379 657 1427 Catilinam
670 1379 820 1438 ferebantur,
831 1378 903 1427 Cice-

63 1442 117 1490 roni
130 1443 245 1500 traditae,
256 1442 276 1490 is
290 1444 413 1491 arcessitis
431 1444 609 1492 coniurationis
623 1445 774 1506 principibus
789 1452 903 1492 senatum

63 1509 89 1556 in
112 1507 198 1556 aedem
220 1507 373 1556 Concordiae
395 1509 476 1568 coegit
496 1509 547 1557 111.
585 1509 650 1557 Non.
665 1510 825 1558 Decembres.
862 1509 903 1556 Ibi

63 1589 120 1622 curn
135 1573 210 1633 legati
226 1581 251 1620 et
265 1572 411 1621 Vulturcius
426 1588 526 1622 omnem
541 1588 594 1622 rem
608 1573 766 1635 indicassent,
781 1573 903 1622 coniurati

64 1638 151 1688 litteris
165 1638 215 1686 suis
229 1637 336 1686 convicti
349 1639 375 1686 in
389 1638 528 1687 custodiam
546 1639 597 1686 dati
611 1646 676 1699 sunt,
687 1639 801 1688 Ciceroni
818 1645 903 1688 autem

63 1705 158 1766 gratiae
175 1720 191 1751 a
208 1712 295 1752 senatu
312 1712 382 1753 actae
399 1704 593 1768 supplicatioque
611 1705 710 1754 decreta
727 1712 771 1754 est.
808 1704 904 1766 Quibus

63 1771 135 1820 rebus
152 1770 259 1833 peractis
276 1769 364 1819 Cicero
380 1771 406 1818 in
423 1770 565 1819 contionem
582 1771 674 1833 prodiit
691 1777 716 1819 et
732 1770 823 1834 populo
840 1785 905 1834 quae

63 1845 120 1886 acta
131 1845 212 1885 essent
223 1836 338 1898 exposuit
350 1836 405 1898 hac,
416 1851 479 1900 quae
490 1837 555 1885 infra
566 1836 664 1899 legitur,
676 1837 795 1886 oratione.

103 1972 125 2029 Ι.
164 1979 188 2030 1.
207 1972 280 2029 Rem
294 1971 448 2050 publicam,
461 1971 593 2045 Quirites,
607 1973 752 2050 vitamque
773 1973 904 2041 omnium

64 2059 198 2124 vestrum,
210 2053 294 2124 bona,
306 2053 445 2125 fortunas,
458 2054 594 2131 coniuges
615 2052 775 2130 liberosque
796 2059 904 2110 vestros

64 2140 149 2209 atque
169 2133 224 2190 hoc
242 2129 420 2191 domicilium
440 2133 587 2191 clarissimi
606 2134 727 2211 imperii,
739 2134 905 2191 fortunatis

65 2213 166 2270 simam
187 2212 472 2291 pulcherrimamque
485 2215 585 2272 urbem
608 2214 749 2272 hodierno
771 2213 827 2270 die·
839 2214 905 2270 deo

65 2311 128 2349 rum
153 2292 359 2350 immortalium
384 2313 496 2350 summo
521 2313 589 2370 erga
608 2314 659 2351 vos
684 2313 787 2363 amore,
803 2291 905 2349 labori-

65 2371 126 2442 bus,
142 2372 276 2444 consiliis,
291 2373 425 2449 periculis
449 2375 520 2431 meis
541 2394 556 2431 e
578 2373 693 2431 flamma
718 2379 803 2448 atque
826 2372 904 2428 ferro

65 2471 97 2508 ac
121 2471 211 2529 paene
239 2472 273 2510 ex
297 2453 429 2510 faucibus
453 2453 507 2510 fati
532 2460 659 2530 ereptam
684 2459 713 2509 et
734 2451 815 2508 vobis
839 2470 904 2508 con·

66 2531 204 2588 servatam
221 2552 254 2593 ac
270 2534 432 2590 restitutam
447 2533 557 2590 videtis.
598 2540 623 2591 2.
640 2533 679 2588 Et
693 2532 716 2588 si
733 2551 792 2588 non
808 2531 904 2587 minus

66 2610 149 2667 nobis
176 2612 293 2669 iucundi
320 2620 406 2690 atque
430 2613 553 2671 illustres
578 2620 644 2670 sunt
671 2611 691 2668 ii
716 2610 784 2682 dics,
801 2611 904 2688 quibus

66 2709 273 2763 conservamur,
290 2711 375 2769 quam
400 2692 448 2764 illi,
465 2692 569 2769 quibus
595 2693 745 2762 nascimur,
762 2692 839 2767 quod
864 2710 904 2747 sa·

66 2769 134 2826 lutis
155 2778 231 2827 certa
249 2770 357 2829 laetitia
376 2780 426 2841 cst,
443 2772 577 2830 nasccndi
596 2773 704 2829 incerta
723 2772 854 2828 condicio
876 2777 904 2827 et

67 2850 146 2926 quod
163 2851 222 2907 sine
240 2871 323 2909 sensu
340 2853 489 2923 nascimur,
503 2855 568 2909 cum
585 2852 732 2928 voluptate
751 2868 902 2919 servamur,

66 2931 205 3006 profcct0,
219 2932 353 3008 quoniam
375 2932 463 3003 illum,
480 2933 529 3008 qui
550 2933 623 2988 hanc
644 2931 746 2988 urbam
765 2929 915 2991 condida,

66 3010 102 3067 ad
114 3011 181 3068 deos
192 3011 369 3071 immortales
377 3012 471 3072 bencu
475 3013 587 3071 olentia
593 3012 740 3083 ianuaque
747 3003 944 3072 summme,

57 3108 119 3174 ⁶³9⁰
132 3092 212 3170 aPUd
229 3113 281 3152 VOS
297 3102 500 3176 posterosque
511 3087 822 3154 uestrostnhsaese
835 3066 971 3125 besam
